Timestamp,Price,Volume,Sell_Buy
2024-01-01 00:02:22+01:00,27.25,1125.0,SELL
2024-01-01 00:03:08+01:00,55.96,882.0,sell
2024-01-01 00:03:48+01:00,91.0,504.0,buy
2024-01-01 00:03:52+01:00,23.57,979.0,buy
2024-01-01 00:21:59+01:00,50.29,1934.0,sell
2024-01-01 00:25:10+01:00,66.5,1614.0,buy
2024-01-01 00:32:00+01:00,68.06,1310.0,SELL
2024-01-01 00:32:47+01:00,77.43,225.0,buy
2024-01-01 00:36:26+01:00,79.99,1266.0,sell
2024-01-01 00:40:09+01:00,61.12,712.0,Sell
2024-01-01 00:00:17+00:00,84.33,1978.0,Sell
2024-01-01 00:02:12+00:00,77.74,539.0,buy
2024-01-01 00:02:44+00:00,67.88,1598.0,SELL
2024-01-01 00:05:40+00:00,,566.0,sell
2024-01-01 00:08:38+00:00,28.11,1718.0,Buy
2024-01-01 00:08:57+00:00,52.63,,BUY
2024-01-01 00:10:11+00:00,74.24,74.0,Sell
2024-01-01 00:10:55+00:00,58.81,,SELL
2024-01-01 00:11:04+00:00,53.61,1409.0,buy
2024-01-01 01:11:08+01:00,50.65,154.0,SELL
2024-01-01 00:13:12+00:00,64.3,85.0,buy
2024-01-01 00:13:56+00:00,76.83,100.0,sell
2024-01-01 00:16:02+00:00,85.87,891.0,BUY
2024-01-01 00:16:22+00:00,80.43,1872.0,SELL
2024-01-01 00:17:08+00:00,49.85,1393.0,Sell
2024-01-01 00:18:15+00:00,78.9,27761.0,Buy
2024-01-01 01:20:42+01:00,28.87,1621.0,Buy
2024-01-01 00:22:36+00:00,93.75,1468.0,Sell
2024-01-01 00:23:37+00:00,50.54,65.0,BUY
2024-01-01 00:26:41+00:00,57.88,1380.0,buy
2024-01-01 00:27:19+00:00,54.17,1075.0,SELL
2024-01-01 00:32:04+00:00,32.77,1472.0,sell
2024-01-01 00:32:50+00:00,65.56,194.0,sell
2024-01-01 00:40:11+00:00,88.57,1238.0,buy
2024-01-01 01:40:49+01:00,68.87,1949.0,buy
2024-01-01 00:40:50+00:00,86.72,149.0,BUY
2024-01-01 00:41:07+00:00,55.76,1261.0,BUY
2024-01-01 00:43:26+00:00,62.29,783.0,Sell
2024-01-01 00:43:40+00:00,59.93,58.0,Sell
2024-01-01 00:44:33+00:00,32.4,1537.0,BUY
2024-01-01 01:45:32+01:00,88.27,1143.0,Sell
2024-01-01 00:46:03+00:00,63.08,1278.0,Buy
2024-01-01 00:48:43+00:00,79.66,1301.0,sell
2024-01-01 01:49:55+01:00,73.25,36338.0,BUY
2024-01-01 00:51:17+00:00,68.31,1275.0,BUY
2024-01-01 00:51:34+00:00,55.55,1046.0,BUY
2024-01-01 00:52:18+00:00,76.23,256.0,buy
2024-01-01 00:52:34+00:00,75.68,1873.0,Sell
2024-01-01 00:56:54+00:00,62.51,494.0,buy
2024-01-01 01:58:41+01:00,77.69,1512.0,sell
2024-01-01 00:58:50+00:00,92.32,1188.0,BUY
2024-01-01 02:01:02+01:00,28.35,1331.0,Sell
2024-01-01 01:01:12+00:00,50.33,754.0,buy
2024-01-01 01:02:42+00:00,24.1,1595.0,SELL
2024-01-01 01:02:45+00:00,56.03,1423.0,Buy
2024-01-01 01:02:45+00:00,67.08,1454.0,sell
2024-01-01 01:04:31+00:00,36.96,1152.0,buy
2024-01-01 01:05:27+00:00,89.77,693.0,SELL
2024-01-01 01:07:43+00:00,84.94,,BUY
2024-01-01 01:14:06+00:00,87.0,1405.0,Buy
2024-01-01 02:16:02+01:00,81.4,1268.0,Buy
2024-01-01 01:17:05+00:00,69.79,1730.0,BUY
2024-01-01 01:17:15+00:00,42.51,,Buy
2024-01-01 01:17:55+00:00,24.11,1424.0,Sell
2024-01-01 01:19:15+00:00,77.58,1254.0,SELL
2024-01-01 02:19:26+01:00,81.38,1944.0,Sell
2024-01-01 01:20:24+00:00,58.26,1007.0,SELL
2024-01-01 01:21:46+00:00,71.82,1745.0,sell
2024-01-01 02:22:01+01:00,96.01,1647.0,sell
2024-01-01 02:22:06+01:00,67.41,1155.0,Sell
2024-01-01 01:22:48+00:00,73.06,1477.0,Buy
2024-01-01 02:24:17+01:00,77.71,1850.0,sell
2024-01-01 01:25:47+00:00,30.87,333.0,Buy
2024-01-01 02:25:51+01:00,54.44,598.0,SELL
2024-01-01 01:26:15+00:00,60.11,1524.0,Sell
2024-01-01 01:26:35+00:00,51.47,1059.0,Buy
2024-01-01 01:26:36+00:00,68.31,1796.0,Buy
2024-01-01 02:33:58+01:00,31.37,1218.0,Buy
2024-01-01 02:37:34+01:00,27.42,340.0,sell
2024-01-01 01:40:29+00:00,76.12,418.0,buy
2024-01-01 01:41:33+00:00,33.22,742.0,BUY
2024-01-01 01:44:53+00:00,70.36,1486.0,sell
2024-01-01 01:45:22+00:00,99.26,988.0,Buy
2024-01-01 01:45:25+00:00,57.02,537.0,BUY
2024-01-01 01:46:33+00:00,83.72,442.0,buy
2024-01-01 01:47:01+00:00,95.2,423.0,BUY
2024-01-01 01:48:11+00:00,38.26,739.0,BUY
2024-01-01 01:48:29+00:00,31.88,1022.0,Sell
2024-01-01 01:49:45+00:00,58.41,799.0,sell
2024-01-01 02:49:56+01:00,81.46,1992.0,BUY
2024-01-01 01:51:12+00:00,20.87,1591.0,buy
2024-01-01 01:54:10+00:00,96.89,1662.0,buy
2024-01-01 02:54:37+01:00,79.24,403.0,SELL
2024-01-01 01:57:41+00:00,86.66,1287.0,Sell
2024-01-01 01:58:33+00:00,70.7,1002.0,SELL
2024-01-01 01:58:41+00:00,78.97,294.0,Buy
2024-01-01 03:00:14+01:00,62.75,,buy
2024-01-01 02:00:29+00:00,95.68,1730.0,BUY
2024-01-01 03:00:33+01:00,85.51,191.0,buy
2024-01-01 02:01:09+00:00,93.54,1835.0,sell
2024-01-01 02:01:13+00:00,36.97,1804.0,BUY
2024-01-01 02:01:54+00:00,49.26,1924.0,Buy
2024-01-01 02:03:31+00:00,61.76,1964.0,SELL
2024-01-01 02:06:40+00:00,27.53,1346.0,sell
2024-01-01 02:08:33+00:00,55.65,702.0,Sell
2024-01-01 02:10:59+00:00,96.94,337.0,Sell
2024-01-01 02:12:40+00:00,63.34,1358.0,BUY
2024-01-01 02:13:10+00:00,49.97,1803.0,SELL
2024-01-01 02:14:29+00:00,84.76,652.0,BUY
2024-01-01 02:15:21+00:00,38.28,208.0,Sell
2024-01-01 02:15:36+00:00,85.31,193.0,SELL
2024-01-01 02:16:38+00:00,4611.95,1786.0,BUY
2024-01-01 02:16:48+00:00,34.43,618.0,buy
2024-01-01 02:16:51+00:00,30.09,1336.0,Sell
2024-01-01 02:19:47+00:00,,852.0,Sell
2024-01-01 02:23:25+00:00,75.24,802.0,BUY
2024-01-01 02:25:17+00:00,22.73,716.0,BUY
2024-01-01 02:27:01+00:00,47.14,563.0,BUY
2024-01-01 03:28:18+01:00,56.88,142.0,BUY
2024-01-01 02:28:42+00:00,64.48,193.0,SELL
2024-01-01 02:30:27+00:00,46.6,264.0,SELL
2024-01-01 02:30:30+00:00,88.73,1505.0,Buy
2024-01-01 03:31:12+01:00,63.45,465.0,SELL
2024-01-01 03:31:20+01:00,88.33,1970.0,sell
2024-01-01 02:31:47+00:00,85.42,1088.0,SELL
2024-01-01 02:32:10+00:00,22.69,1793.0,Buy
2024-01-01 02:36:51+00:00,35.76,1755.0,SELL
2024-01-01 02:36:53+00:00,54.6,894.0,BUY
2024-01-01 02:37:44+00:00,27.75,73.0,SELL
2024-01-01 02:37:57+00:00,34.8,967.0,Buy
2024-01-01 03:40:58+01:00,50.02,,Sell
2024-01-01 02:41:37+00:00,22.66,1145.0,sell
2024-01-01 02:42:52+00:00,34.31,395.0,SELL
2024-01-01 02:43:08+00:00,57.43,1093.0,Buy
2024-01-01 02:46:06+00:00,56.78,423.0,Buy
2024-01-01 02:49:00+00:00,94.42,482.0,Sell
2024-01-01 02:52:25+00:00,99.07,27696.0,sell
2024-01-01 03:56:12+01:00,47.58,1688.0,Sell
2024-01-01 02:56:31+00:00,55.26,537.0,Buy
2024-01-01 02:57:51+00:00,75.96,797.0,BUY
2024-01-01 02:59:23+00:00,49.44,518.0,sell
2024-01-01 03:01:27+00:00,46.06,549.0,Buy
2024-01-01 03:03:48+00:00,94.01,1135.0,Sell
2024-01-01 03:06:42+00:00,37.68,1026.0,sell
2024-01-01 03:07:27+00:00,64.02,436.0,Sell
2024-01-01 04:09:15+01:00,58.41,1586.0,sell
2024-01-01 03:10:30+00:00,23.19,684.0,Sell
2024-01-01 03:14:08+00:00,33.46,229.0,buy
2024-01-01 03:14:43+00:00,34.39,1540.0,BUY
2024-01-01 04:15:07+01:00,67.93,33442.0,buy
2024-01-01 03:15:52+00:00,80.39,1275.0,Buy
2024-01-01 04:19:04+01:00,53.8,116.0,buy
2024-01-01 03:19:06+00:00,,1236.0,buy
2024-01-01 04:19:54+01:00,77.87,108.0,buy
2024-01-01 03:20:29+00:00,85.8,,BUY
2024-01-01 03:23:23+00:00,50.11,1204.0,sell
2024-01-01 03:24:05+00:00,44.39,1767.0,Buy
2024-01-01 03:26:19+00:00,77.27,702.0,Sell
2024-01-01 03:26:21+00:00,88.58,1926.0,BUY
2024-01-01 03:27:41+00:00,24.95,1513.0,Buy
2024-01-01 03:28:08+00:00,84.04,1445.0,buy
2024-01-01 03:29:22+00:00,41.18,217.0,Buy
2024-01-01 03:30:57+00:00,90.99,663.0,SELL
2024-01-01 03:32:12+00:00,,826.0,Sell
2024-01-01 03:35:01+00:00,60.64,1165.0,BUY
2024-01-01 04:37:57+01:00,68.73,773.0,sell
2024-01-01 03:37:58+00:00,42.53,225.0,Buy
2024-01-01 03:38:44+00:00,72.0,1011.0,Sell
2024-01-01 03:39:26+00:00,63.19,133.0,sell
2024-01-01 03:40:56+00:00,20.22,1297.0,Sell
2024-01-01 03:40:57+00:00,54.94,151.0,SELL
2024-01-01 03:42:58+00:00,95.15,35972.0,Sell
2024-01-01 03:45:06+00:00,39.42,1799.0,sell
2024-01-01 03:47:19+00:00,78.33,1037.0,sell
2024-01-01 03:47:44+00:00,65.62,322.0,BUY
2024-01-01 03:54:29+00:00,45.43,369.0,buy
2024-01-01 04:54:30+01:00,80.1,1419.0,BUY
2024-01-01 03:56:12+00:00,99.26,18391.0,BUY
2024-01-01 05:01:03+01:00,70.86,775.0,Buy
2024-01-01 04:04:42+00:00,52.46,1188.0,Sell
2024-01-01 04:05:01+00:00,96.01,158.0,BUY
2024-01-01 04:05:07+00:00,86.0,112.0,SELL
2024-01-01 04:06:37+00:00,21.35,1744.0,SELL
2024-01-01 04:08:55+00:00,69.87,1657.0,buy
2024-01-01 04:10:53+00:00,94.93,287.0,SELL
2024-01-01 05:13:03+01:00,87.95,1239.0,sell
2024-01-01 04:13:08+00:00,75.9,454.0,Buy
2024-01-01 04:15:04+00:00,57.96,1240.0,sell
2024-01-01 04:16:11+00:00,68.81,1302.0,BUY
2024-01-01 04:18:13+00:00,84.63,1544.0,Buy
2024-01-01 04:19:38+00:00,51.9,1907.0,Buy
2024-01-01 05:20:10+01:00,89.91,1980.0,Buy
2024-01-01 05:21:54+01:00,99.79,441.0,Sell
2024-01-01 05:21:56+01:00,40.6,697.0,SELL
2024-01-01 04:22:31+00:00,,1831.0,buy
2024-01-01 04:22:32+00:00,46.02,903.0,BUY
2024-01-01 04:22:43+00:00,56.89,146.0,BUY
2024-01-01 05:29:16+01:00,30.37,1189.0,sell
2024-01-01 05:29:28+01:00,89.16,227.0,sell
2024-01-01 04:32:15+00:00,70.38,1346.0,buy
2024-01-01 04:32:59+00:00,25.32,1295.0,sell
2024-01-01 04:33:03+00:00,38.41,1460.0,Buy
2024-01-01 04:35:37+00:00,69.17,,BUY
2024-01-01 05:38:22+01:00,49.41,26683.0,Buy
2024-01-01 04:38:32+00:00,56.64,1281.0,BUY
2024-01-01 04:38:37+00:00,53.88,317.0,BUY
2024-01-01 04:39:12+00:00,56.04,1480.0,SELL
2024-01-01 04:40:00+00:00,90.76,1217.0,Sell
2024-01-01 04:43:44+00:00,65.13,1797.0,SELL
2024-01-01 04:46:00+00:00,80.68,140.0,buy
2024-01-01 04:46:55+00:00,31.74,,Buy
2024-01-01 04:47:58+00:00,85.58,1708.0,sell
2024-01-01 04:48:57+00:00,23.01,414.0,Sell
2024-01-01 05:49:49+01:00,77.64,82.0,BUY
2024-01-01 04:51:11+00:00,48.65,1914.0,SELL
2024-01-01 04:51:47+00:00,85.71,399.0,Sell
2024-01-01 04:55:45+00:00,88.0,269.0,Buy
2024-01-01 05:06:14+00:00,80.52,160.0,Buy
2024-01-01 05:07:07+00:00,72.33,,Sell
2024-01-01 05:07:49+00:00,35.25,1911.0,sell
2024-01-01 05:08:32+00:00,47.11,1024.0,Buy
2024-01-01 05:08:43+00:00,31.81,1347.0,Buy
2024-01-01 05:10:08+00:00,95.96,743.0,Buy
2024-01-01 05:11:21+00:00,95.95,1657.0,Buy
2024-01-01 05:12:15+00:00,23.53,,SELL
2024-01-01 05:12:25+00:00,36.68,1066.0,Sell
2024-01-01 05:13:13+00:00,24.09,759.0,SELL
2024-01-01 06:14:02+01:00,44.83,1945.0,Buy
2024-01-01 06:14:04+01:00,75.75,1879.0,Buy
2024-01-01 06:14:34+01:00,47.51,1114.0,Buy
2024-01-01 05:18:06+00:00,56.41,1263.0,buy
2024-01-01 05:19:56+00:00,91.16,927.0,Sell
2024-01-01 06:21:41+01:00,73.63,622.0,Buy
2024-01-01 05:23:07+00:00,39.1,1422.0,SELL
2024-01-01 06:24:46+01:00,90.57,,Buy
2024-01-01 05:24:49+00:00,71.44,151.0,sell
2024-01-01 06:26:06+01:00,68.54,278.0,Buy
2024-01-01 05:26:38+00:00,44.56,988.0,Sell
2024-01-01 05:27:56+00:00,92.53,1445.0,Buy
2024-01-01 05:28:52+00:00,67.8,757.0,sell
2024-01-01 06:33:41+01:00,89.41,1482.0,Buy
2024-01-01 05:34:26+00:00,52.43,381.0,Buy
2024-01-01 05:37:06+00:00,89.34,322.0,sell
2024-01-01 06:38:41+01:00,41.53,1873.0,buy
2024-01-01 06:39:16+01:00,45.47,1546.0,BUY
2024-01-01 06:39:39+01:00,24.0,1936.0,sell
2024-01-01 05:46:10+00:00,81.05,533.0,Buy
2024-01-01 05:48:42+00:00,89.24,354.0,BUY
2024-01-01 05:48:53+00:00,21.89,810.0,buy
2024-01-01 05:50:38+00:00,64.89,1107.0,BUY
2024-01-01 06:53:14+01:00,29.24,1481.0,BUY
2024-01-01 05:54:31+00:00,69.73,1823.0,sell
2024-01-01 05:54:55+00:00,51.05,1516.0,Buy
2024-01-01 05:58:11+00:00,42.36,446.0,BUY
2024-01-01 05:59:55+00:00,79.22,1051.0,BUY
2024-01-01 06:01:20+00:00,91.95,917.0,Sell
2024-01-01 06:01:37+00:00,71.65,1793.0,Buy
2024-01-01 06:03:11+00:00,60.16,1746.0,BUY
2024-01-01 06:04:55+00:00,43.1,1150.0,Buy
2024-01-01 06:05:28+00:00,21.68,412.0,SELL
2024-01-01 06:11:06+00:00,36.43,1200.0,SELL
2024-01-01 06:11:50+00:00,22.52,664.0,buy
2024-01-01 07:13:30+01:00,37.15,567.0,Buy
2024-01-01 06:17:40+00:00,95.87,1091.0,SELL
2024-01-01 06:19:01+00:00,46.82,957.0,Buy
2024-01-01 06:20:35+00:00,81.88,216.0,Sell
2024-01-01 06:20:50+00:00,61.01,1580.0,buy
2024-01-01 07:23:23+01:00,26.75,619.0,SELL
2024-01-01 06:24:40+00:00,96.64,1134.0,buy
2024-01-01 07:27:04+01:00,35.81,1245.0,BUY
2024-01-01 07:27:55+01:00,48.6,1373.0,Buy
2024-01-01 06:31:46+00:00,46.32,1922.0,buy
2024-01-01 06:31:48+00:00,74.62,1103.0,Buy
2024-01-01 06:33:39+00:00,76.92,1540.0,BUY
2024-01-01 06:34:57+00:00,48.87,1507.0,SELL
2024-01-01 06:35:06+00:00,93.75,1364.0,buy
2024-01-01 06:37:12+00:00,74.86,130.0,Sell
2024-01-01 06:38:49+00:00,78.69,1389.0,Sell
2024-01-01 07:38:50+01:00,82.4,226.0,BUY
2024-01-01 06:39:42+00:00,56.35,1347.0,SELL
2024-01-01 07:40:20+01:00,56.61,1354.0,sell
2024-01-01 06:41:23+00:00,36.17,737.0,sell
2024-01-01 06:42:14+00:00,58.8,,Buy
2024-01-01 07:42:37+01:00,77.09,1752.0,SELL
2024-01-01 06:44:54+00:00,77.47,194.0,buy
2024-01-01 06:45:19+00:00,41.36,967.0,buy
2024-01-01 06:47:33+00:00,34.22,291.0,Buy
2024-01-01 07:47:40+01:00,23.55,926.0,SELL
2024-01-01 06:48:36+00:00,37.27,632.0,BUY
2024-01-01 06:53:18+00:00,36.35,496.0,buy
2024-01-01 06:59:13+00:00,81.05,645.0,Sell
2024-01-01 07:00:23+00:00,74.88,1996.0,Sell
2024-01-01 07:05:22+00:00,84.29,987.0,Sell
2024-01-01 07:06:52+00:00,89.45,1133.0,Buy
2024-01-01 07:07:44+00:00,61.53,226.0,BUY
2024-01-01 08:11:30+01:00,51.12,1592.0,Sell
2024-01-01 07:11:36+00:00,79.7,591.0,buy
2024-01-01 08:11:59+01:00,58.61,514.0,BUY
2024-01-01 07:12:27+00:00,60.48,495.0,SELL
2024-01-01 07:13:28+00:00,44.33,1898.0,sell
2024-01-01 08:14:44+01:00,64.41,763.0,Buy
2024-01-01 07:15:19+00:00,65.96,1612.0,BUY
2024-01-01 07:16:00+00:00,88.12,1885.0,Sell
2024-01-01 08:16:52+01:00,55.42,900.0,Sell
2024-01-01 07:17:27+00:00,58.77,832.0,Buy
2024-01-01 07:17:27+00:00,76.84,1299.0,Buy
2024-01-01 07:18:38+00:00,37.85,891.0,SELL
2024-01-01 07:19:46+00:00,97.75,860.0,buy
2024-01-01 07:22:17+00:00,68.22,503.0,Sell
2024-01-01 07:22:36+00:00,84.26,1652.0,sell
2024-01-01 07:22:46+00:00,67.63,134.0,Sell
2024-01-01 07:23:52+00:00,53.66,1008.0,Sell
2024-01-01 07:24:02+00:00,37.67,77.0,BUY
2024-01-01 07:24:09+00:00,57.47,229.0,buy
2024-01-01 07:25:48+00:00,47.28,1337.0,BUY
2024-01-01 07:25:52+00:00,81.83,1863.0,Sell
2024-01-01 07:25:55+00:00,45.86,764.0,sell
2024-01-01 08:26:00+01:00,69.91,1994.0,Sell
2024-01-01 07:26:43+00:00,21.61,179.0,sell
2024-01-01 07:30:24+00:00,54.48,1513.0,Sell
2024-01-01 07:30:30+00:00,76.23,1414.0,Buy
2024-01-01 07:30:52+00:00,39.72,895.0,BUY
2024-01-01 07:32:45+00:00,83.7,1637.0,buy
2024-01-01 08:32:48+01:00,69.5,1233.0,Sell
2024-01-01 07:33:27+00:00,61.11,444.0,BUY
2024-01-01 07:40:16+00:00,82.39,756.0,SELL
2024-01-01 08:41:29+01:00,37.75,658.0,buy
2024-01-01 08:43:35+01:00,93.17,1577.0,sell
2024-01-01 07:44:58+00:00,98.09,793.0,BUY
2024-01-01 08:46:28+01:00,67.72,21564.0,Buy
2024-01-01 07:48:04+00:00,73.38,1138.0,Sell
2024-01-01 07:48:14+00:00,73.35,272.0,BUY
2024-01-01 07:48:49+00:00,60.35,1167.0,sell
2024-01-01 08:48:54+01:00,98.69,786.0,buy
2024-01-01 07:53:11+00:00,90.39,1348.0,Sell
2024-01-01 08:54:54+01:00,71.54,1325.0,BUY
2024-01-01 07:55:31+00:00,51.01,1571.0,BUY
2024-01-01 07:56:07+00:00,76.6,1215.0,buy
2024-01-01 07:59:17+00:00,40.67,204.0,buy
2024-01-01 08:03:05+00:00,25.26,125.0,sell
2024-01-01 08:03:18+00:00,69.9,1098.0,SELL
2024-01-01 08:03:20+00:00,45.87,642.0,Buy
2024-01-01 08:08:10+00:00,85.99,800.0,Sell
2024-01-01 09:08:11+01:00,83.17,1697.0,Buy
2024-01-01 08:08:29+00:00,84.46,816.0,sell
2024-01-01 09:08:38+01:00,86.86,1252.0,buy
2024-01-01 08:09:49+00:00,53.18,664.0,BUY
2024-01-01 09:12:18+01:00,79.67,1217.0,Sell
2024-01-01 08:17:23+00:00,73.87,1804.0,SELL
2024-01-01 09:17:43+01:00,77.53,1259.0,Buy
2024-01-01 08:17:47+00:00,25.18,1674.0,SELL
2024-01-01 09:19:55+01:00,85.67,564.0,buy
2024-01-01 08:20:21+00:00,68.39,1307.0,Sell
2024-01-01 08:25:00+00:00,88.61,568.0,sell
2024-01-01 08:25:43+00:00,35.57,246.0,Sell
2024-01-01 08:26:05+00:00,66.26,284.0,Sell
2024-01-01 09:27:07+01:00,51.99,1729.0,SELL
2024-01-01 08:27:30+00:00,39.22,496.0,sell
2024-01-01 08:28:23+00:00,95.02,964.0,Buy
2024-01-01 08:30:49+00:00,52.93,1937.0,buy
2024-01-01 09:33:05+01:00,56.52,993.0,Sell
2024-01-01 08:33:23+00:00,74.64,1025.0,Sell
2024-01-01 09:35:08+01:00,36.12,502.0,SELL
2024-01-01 08:35:30+00:00,53.95,1799.0,Buy
2024-01-01 08:36:21+00:00,58.23,426.0,BUY
2024-01-01 08:36:57+00:00,34.86,486.0,BUY
2024-01-01 08:38:11+00:00,72.0,1114.0,BUY
2024-01-01 08:39:59+00:00,65.7,469.0,Sell
2024-01-01 08:43:46+00:00,76.27,213.0,Sell
2024-01-01 08:44:18+00:00,39.08,1366.0,Buy
2024-01-01 08:44:40+00:00,57.8,1547.0,buy
2024-01-01 08:46:36+00:00,60.01,962.0,sell
2024-01-01 08:47:23+00:00,96.04,1163.0,buy
2024-01-01 08:49:24+00:00,88.1,513.0,Sell
2024-01-01 08:49:47+00:00,99.44,1942.0,Buy
2024-01-01 09:49:49+01:00,40.02,641.0,Sell
2024-01-01 08:51:22+00:00,60.9,1045.0,sell
2024-01-01 08:57:22+00:00,26.18,31046.0,Sell
2024-01-01 08:59:53+00:00,75.25,1367.0,Sell
2024-01-01 09:00:57+00:00,72.44,1397.0,SELL
2024-01-01 10:03:24+01:00,4030.98,1884.0,BUY
2024-01-01 09:04:12+00:00,33.22,1434.0,sell
2024-01-01 09:04:27+00:00,22.5,229.0,SELL
2024-01-01 09:05:26+00:00,81.21,1916.0,buy
2024-01-01 09:08:49+00:00,96.99,1111.0,buy
2024-01-01 09:09:06+00:00,41.57,1334.0,Sell
2024-01-01 09:11:21+00:00,76.94,48269.0,SELL
2024-01-01 10:13:42+01:00,28.99,1935.0,Sell
2024-01-01 09:17:58+00:00,65.49,310.0,BUY
2024-01-01 09:18:00+00:00,30.99,976.0,SELL
2024-01-01 09:18:16+00:00,98.77,1159.0,buy
2024-01-01 10:19:02+01:00,76.13,1946.0,Sell
2024-01-01 09:22:26+00:00,21.41,793.0,buy
2024-01-01 09:22:26+00:00,35.51,735.0,sell
2024-01-01 09:23:21+00:00,76.17,565.0,Buy
2024-01-01 09:23:39+00:00,22.11,433.0,BUY
2024-01-01 09:25:24+00:00,29.61,1816.0,SELL
2024-01-01 09:29:17+00:00,64.26,1446.0,SELL
2024-01-01 10:30:13+01:00,77.19,625.0,BUY
2024-01-01 10:30:16+01:00,99.36,1354.0,SELL
2024-01-01 09:30:47+00:00,64.64,649.0,Sell
2024-01-01 09:31:38+00:00,35.6,558.0,Sell
2024-01-01 09:32:55+00:00,65.9,1063.0,sell
2024-01-01 09:33:33+00:00,23.33,1372.0,buy
2024-01-01 09:34:01+00:00,66.34,1754.0,Sell
2024-01-01 09:36:40+00:00,32.66,743.0,buy
2024-01-01 09:36:57+00:00,64.7,729.0,SELL
2024-01-01 09:37:07+00:00,20.95,1365.0,BUY
2024-01-01 09:39:21+00:00,94.86,1448.0,buy
2024-01-01 09:41:40+00:00,27.7,1476.0,Sell
2024-01-01 09:44:46+00:00,86.2,1801.0,Sell
2024-01-01 09:46:21+00:00,81.6,18186.0,Buy
2024-01-01 10:47:07+01:00,26.86,1994.0,buy
2024-01-01 09:47:43+00:00,62.28,1718.0,BUY
2024-01-01 09:48:43+00:00,89.61,388.0,SELL
2024-01-01 09:49:47+00:00,71.78,1171.0,Buy
2024-01-01 10:51:37+01:00,75.35,520.0,sell
2024-01-01 09:51:43+00:00,56.41,137.0,Sell
2024-01-01 09:52:27+00:00,96.14,134.0,Sell
2024-01-01 09:53:25+00:00,59.15,1147.0,Sell
2024-01-01 10:53:49+01:00,39.99,1267.0,BUY
2024-01-01 09:54:31+00:00,44.12,273.0,buy
2024-01-01 10:56:22+01:00,22.14,629.0,sell
2024-01-01 09:57:52+00:00,51.36,53.0,Sell
2024-01-01 09:58:18+00:00,81.81,361.0,SELL
2024-01-01 09:59:57+00:00,27.5,245.0,Sell
2024-01-01 10:00:07+00:00,37.92,120.0,SELL
2024-01-01 11:00:40+01:00,85.46,1474.0,BUY
2024-01-01 10:01:17+00:00,94.06,233.0,Buy
2024-01-01 10:02:58+00:00,95.48,1190.0,Sell
2024-01-01 10:04:00+00:00,51.83,1440.0,buy
2024-01-01 10:06:02+00:00,63.58,1924.0,SELL
2024-01-01 11:06:35+01:00,68.56,200.0,Sell
2024-01-01 11:06:52+01:00,25.87,1354.0,BUY
2024-01-01 11:06:57+01:00,41.18,1195.0,BUY
2024-01-01 10:07:01+00:00,84.61,127.0,SELL
2024-01-01 10:07:45+00:00,46.89,765.0,Sell
2024-01-01 10:11:01+00:00,76.8,646.0,sell
2024-01-01 10:13:28+00:00,30.02,1860.0,sell
2024-01-01 11:14:27+01:00,33.0,491.0,SELL
2024-01-01 11:14:40+01:00,33.18,1143.0,buy
2024-01-01 10:16:29+00:00,75.89,1459.0,BUY
2024-01-01 10:16:37+00:00,64.78,509.0,Buy
2024-01-01 11:17:22+01:00,49.52,1201.0,buy
2024-01-01 11:19:29+01:00,54.75,1209.0,BUY
2024-01-01 10:19:59+00:00,61.5,812.0,Sell
2024-01-01 10:20:56+00:00,98.1,664.0,Sell
2024-01-01 10:27:18+00:00,46.96,958.0,sell
2024-01-01 10:27:56+00:00,50.96,349.0,sell
2024-01-01 10:33:24+00:00,29.51,1500.0,Buy
2024-01-01 10:34:59+00:00,53.31,1123.0,SELL
2024-01-01 10:36:12+00:00,91.0,1595.0,sell
2024-01-01 10:39:39+00:00,75.32,842.0,Buy
2024-01-01 10:41:03+00:00,85.47,271.0,BUY
2024-01-01 10:41:47+00:00,,135.0,sell
2024-01-01 11:42:09+01:00,44.97,186.0,Sell
2024-01-01 10:43:20+00:00,95.32,1310.0,buy
2024-01-01 10:44:46+00:00,97.48,1399.0,buy
2024-01-01 11:45:35+01:00,67.12,1563.0,Buy
2024-01-01 10:47:12+00:00,43.92,813.0,Buy
2024-01-01 10:51:04+00:00,39.06,1940.0,Buy
2024-01-01 10:54:34+00:00,30.45,677.0,buy
2024-01-01 10:54:40+00:00,72.49,240.0,SELL
2024-01-01 10:56:15+00:00,39.66,643.0,BUY
2024-01-01 11:56:39+01:00,55.87,383.0,buy
2024-01-01 10:56:57+00:00,76.13,909.0,SELL
2024-01-01 10:59:12+00:00,42.42,861.0,Buy
2024-01-01 11:03:39+00:00,62.84,489.0,sell
2024-01-01 11:06:39+00:00,68.91,1019.0,SELL
2024-01-01 11:06:50+00:00,22.31,852.0,sell
2024-01-01 11:07:32+00:00,61.74,458.0,Buy
2024-01-01 11:08:06+00:00,94.18,1317.0,Buy
2024-01-01 11:11:06+00:00,66.21,472.0,Buy
2024-01-01 11:12:31+00:00,26.72,546.0,sell
2024-01-01 11:18:22+00:00,43.71,342.0,Buy
2024-01-01 11:18:53+00:00,25.42,545.0,SELL
2024-01-01 11:18:55+00:00,61.82,1749.0,Sell
2024-01-01 11:20:04+00:00,86.79,975.0,SELL
2024-01-01 11:21:14+00:00,48.55,985.0,Sell
2024-01-01 11:22:32+00:00,61.59,1548.0,Sell
2024-01-01 11:23:59+00:00,70.87,899.0,SELL
2024-01-01 11:25:26+00:00,27.16,1650.0,sell
2024-01-01 11:26:37+00:00,25.07,651.0,Sell
2024-01-01 11:27:08+00:00,26.69,1125.0,Buy
2024-01-01 12:27:40+01:00,65.86,263.0,Sell
2024-01-01 11:28:34+00:00,39.42,356.0,Buy
2024-01-01 11:28:46+00:00,,1921.0,Sell
2024-01-01 11:31:06+00:00,38.48,437.0,Sell
2024-01-01 11:33:14+00:00,69.01,894.0,buy
2024-01-01 11:33:19+00:00,53.6,734.0,Buy
2024-01-01 11:33:49+00:00,64.37,1586.0,BUY
2024-01-01 12:36:23+01:00,81.74,1058.0,sell
2024-01-01 11:37:40+00:00,74.55,583.0,BUY
2024-01-01 11:43:03+00:00,83.31,1895.0,buy
2024-01-01 12:46:00+01:00,28.85,1385.0,Buy
2024-01-01 11:52:44+00:00,63.46,788.0,buy
2024-01-01 11:52:53+00:00,42.25,1124.0,buy
2024-01-01 11:55:32+00:00,37.79,157.0,sell
2024-01-01 11:56:13+00:00,35.37,580.0,sell
2024-01-01 11:56:28+00:00,83.04,554.0,BUY
2024-01-01 11:57:32+00:00,79.51,919.0,BUY
2024-01-01 11:57:55+00:00,39.71,704.0,Buy
2024-01-01 12:58:25+01:00,40.14,1069.0,Sell
2024-01-01 12:59:34+01:00,37.39,929.0,Sell
2024-01-01 12:01:15+00:00,83.63,1519.0,BUY
2024-01-01 13:01:23+01:00,,1878.0,SELL
2024-01-01 12:03:59+00:00,81.54,1922.0,Buy
2024-01-01 12:05:57+00:00,57.69,820.0,Sell
2024-01-01 12:06:18+00:00,37.5,670.0,buy
2024-01-01 13:09:58+01:00,70.35,1537.0,Buy
2024-01-01 12:10:21+00:00,25.67,1616.0,sell
2024-01-01 12:11:28+00:00,63.98,503.0,sell
2024-01-01 12:11:36+00:00,55.27,1198.0,sell
2024-01-01 12:13:04+00:00,89.19,991.0,Buy
2024-01-01 12:13:46+00:00,90.0,1565.0,SELL
2024-01-01 12:16:50+00:00,78.51,1230.0,sell
2024-01-01 13:18:28+01:00,81.95,1409.0,BUY
2024-01-01 13:18:54+01:00,83.63,1805.0,BUY
2024-01-01 12:27:36+00:00,,716.0,buy
2024-01-01 12:27:58+00:00,82.94,510.0,SELL
2024-01-01 12:28:47+00:00,45.0,1650.0,buy
2024-01-01 12:31:54+00:00,69.11,1695.0,sell
2024-01-01 12:32:52+00:00,46.96,939.0,sell
2024-01-01 13:36:21+01:00,59.4,1490.0,sell
2024-01-01 12:37:18+00:00,29.23,1251.0,BUY
2024-01-01 13:38:25+01:00,33.1,1950.0,Sell
2024-01-01 12:38:38+00:00,27.5,1079.0,buy
2024-01-01 12:39:15+00:00,46.89,1940.0,buy
2024-01-01 12:40:07+00:00,58.28,156.0,buy
2024-01-01 13:40:57+01:00,88.36,855.0,SELL
2024-01-01 12:41:12+00:00,27.38,1089.0,Buy
2024-01-01 13:44:14+01:00,73.41,1611.0,BUY
2024-01-01 12:45:36+00:00,78.08,1511.0,BUY
2024-01-01 13:48:57+01:00,61.99,1682.0,SELL
2024-01-01 12:49:04+00:00,3856.95,1947.0,Buy
2024-01-01 12:49:51+00:00,54.98,,sell
2024-01-01 12:51:03+00:00,41.9,1286.0,BUY
2024-01-01 12:51:42+00:00,76.19,1936.0,sell
2024-01-01 12:52:01+00:00,53.7,1671.0,Buy
2024-01-01 13:54:43+01:00,41.15,518.0,SELL
2024-01-01 13:55:53+01:00,24.03,1836.0,sell
2024-01-01 13:56:04+01:00,26.74,283.0,buy
2024-01-01 12:56:15+00:00,24.36,322.0,SELL
2024-01-01 12:58:30+00:00,84.39,1113.0,buy
2024-01-01 12:59:39+00:00,31.23,703.0,SELL
2024-01-01 13:00:52+00:00,23.23,,Buy
2024-01-01 13:04:27+00:00,90.08,577.0,BUY
2024-01-01 13:07:19+00:00,61.23,758.0,buy
2024-01-01 14:07:24+01:00,92.48,1751.0,SELL
2024-01-01 13:07:52+00:00,52.56,323.0,buy
2024-01-01 13:08:33+00:00,55.42,1528.0,Sell
2024-01-01 13:10:19+00:00,57.98,1507.0,Buy
2024-01-01 13:10:25+00:00,35.57,447.0,SELL
2024-01-01 13:12:23+00:00,88.51,1214.0,sell
2024-01-01 13:12:31+00:00,79.49,551.0,buy
2024-01-01 13:13:33+00:00,39.0,433.0,BUY
2024-01-01 14:14:02+01:00,70.41,442.0,Buy
2024-01-01 14:15:08+01:00,65.32,1878.0,Buy
2024-01-01 13:16:16+00:00,68.48,450.0,buy
2024-01-01 13:17:55+00:00,33.48,416.0,BUY
2024-01-01 13:21:59+00:00,89.51,770.0,sell
2024-01-01 14:22:43+01:00,84.54,1188.0,Buy
2024-01-01 13:22:55+00:00,98.79,141.0,Buy
2024-01-01 13:22:59+00:00,38.08,1240.0,Buy
2024-01-01 13:23:18+00:00,76.52,1995.0,buy
2024-01-01 13:23:35+00:00,65.28,907.0,sell
2024-01-01 13:23:37+00:00,42.91,1757.0,buy
2024-01-01 13:24:58+00:00,90.95,106.0,Buy
2024-01-01 13:26:37+00:00,69.39,848.0,sell
2024-01-01 13:30:58+00:00,58.99,502.0,Sell
2024-01-01 13:32:00+00:00,71.63,376.0,BUY
2024-01-01 13:32:15+00:00,27.51,87.0,Buy
2024-01-01 13:32:52+00:00,45.16,1797.0,BUY
2024-01-01 13:32:56+00:00,62.33,1094.0,buy
2024-01-01 13:33:51+00:00,28.43,1825.0,buy
2024-01-01 13:34:24+00:00,57.58,,Sell
2024-01-01 13:34:30+00:00,44.99,743.0,buy
2024-01-01 13:36:29+00:00,97.64,1458.0,BUY
2024-01-01 13:37:59+00:00,67.48,825.0,buy
2024-01-01 13:44:16+00:00,67.24,367.0,Buy
2024-01-01 13:44:52+00:00,35.71,1759.0,Buy
2024-01-01 13:47:38+00:00,84.08,1841.0,Buy
2024-01-01 13:48:13+00:00,33.62,1820.0,Sell
2024-01-01 13:49:14+00:00,22.12,1594.0,SELL
2024-01-01 13:50:15+00:00,92.84,1889.0,Sell
2024-01-01 13:57:37+00:00,29.71,862.0,buy
2024-01-01 14:02:03+00:00,59.42,76.0,Buy
2024-01-01 14:02:18+00:00,20.76,1472.0,sell
2024-01-01 14:04:09+00:00,95.18,1356.0,Buy
2024-01-01 14:04:35+00:00,27.51,1520.0,SELL
2024-01-01 14:04:46+00:00,68.82,124.0,BUY
2024-01-01 15:04:50+01:00,57.14,943.0,BUY
2024-01-01 14:06:23+00:00,44.16,1427.0,Sell
2024-01-01 14:06:24+00:00,43.5,1960.0,sell
2024-01-01 15:07:28+01:00,37.21,1780.0,sell
2024-01-01 14:11:07+00:00,71.18,1692.0,Buy
2024-01-01 15:12:18+01:00,25.0,104.0,buy
2024-01-01 15:14:47+01:00,20.48,269.0,BUY
2024-01-01 14:14:58+00:00,45.25,1701.0,Sell
2024-01-01 14:15:12+00:00,50.63,1188.0,BUY
2024-01-01 14:15:32+00:00,25.87,1336.0,Sell
2024-01-01 14:16:07+00:00,60.18,1697.0,buy
2024-01-01 14:16:24+00:00,60.42,1929.0,Sell
2024-01-01 14:18:29+00:00,80.17,741.0,Buy
2024-01-01 14:21:29+00:00,45.5,1169.0,BUY
2024-01-01 14:21:48+00:00,94.4,259.0,BUY
2024-01-01 14:22:32+00:00,64.62,55.0,sell
2024-01-01 14:22:56+00:00,46.04,1218.0,sell
2024-01-01 14:25:33+00:00,20.24,777.0,sell
2024-01-01 14:25:51+00:00,38.14,422.0,buy
2024-01-01 14:27:56+00:00,,247.0,Buy
2024-01-01 15:29:08+01:00,58.97,1562.0,buy
2024-01-01 15:30:30+01:00,91.23,1251.0,Sell
2024-01-01 15:31:18+01:00,75.83,1462.0,SELL
2024-01-01 14:34:41+00:00,94.69,1015.0,sell
2024-01-01 14:34:43+00:00,29.64,1500.0,SELL
2024-01-01 14:34:57+00:00,59.57,1407.0,Sell
2024-01-01 14:35:55+00:00,,1204.0,sell
2024-01-01 14:38:12+00:00,47.04,1593.0,Buy
2024-01-01 15:39:36+01:00,73.79,1021.0,sell
2024-01-01 14:41:24+00:00,37.97,1881.0,sell
2024-01-01 14:44:17+00:00,74.06,1413.0,Sell
2024-01-01 15:46:32+01:00,67.74,1268.0,SELL
2024-01-01 14:49:30+00:00,93.94,728.0,SELL
2024-01-01 14:49:32+00:00,60.27,142.0,buy
2024-01-01 15:50:37+01:00,34.45,1586.0,Buy
2024-01-01 14:54:28+00:00,41.92,1248.0,Sell
2024-01-01 14:55:49+00:00,78.35,562.0,buy
2024-01-01 14:57:49+00:00,35.56,518.0,Buy
2024-01-01 14:57:54+00:00,,698.0,BUY
2024-01-01 14:58:04+00:00,38.22,300.0,sell
2024-01-01 14:58:28+00:00,90.33,277.0,Sell
2024-01-01 14:58:40+00:00,36.12,701.0,buy
2024-01-01 15:00:43+00:00,20.87,190.0,BUY
2024-01-01 15:00:54+00:00,55.2,206.0,Buy
2024-01-01 15:01:16+00:00,39.8,106.0,Buy
2024-01-01 15:02:40+00:00,86.76,789.0,Buy
2024-01-01 15:04:23+00:00,47.58,555.0,BUY
2024-01-01 16:05:04+01:00,25.39,870.0,SELL
2024-01-01 15:07:00+00:00,42.45,350.0,Sell
2024-01-01 15:08:56+00:00,40.82,1127.0,SELL
2024-01-01 15:09:47+00:00,68.47,1738.0,sell
2024-01-01 15:10:06+00:00,95.78,1347.0,Sell
2024-01-01 16:10:43+01:00,78.28,,Buy
2024-01-01 15:11:49+00:00,86.77,1869.0,buy
2024-01-01 16:12:28+01:00,71.57,950.0,BUY
2024-01-01 15:13:33+00:00,25.39,1253.0,Buy
2024-01-01 15:13:58+00:00,74.05,1547.0,BUY
2024-01-01 15:15:24+00:00,39.64,1935.0,BUY
2024-01-01 15:17:34+00:00,53.07,1565.0,BUY
2024-01-01 15:17:50+00:00,98.62,978.0,buy
2024-01-01 15:23:16+00:00,55.22,1875.0,Buy
2024-01-01 15:24:26+00:00,61.79,1883.0,BUY
2024-01-01 15:24:38+00:00,98.73,587.0,Sell
2024-01-01 15:24:53+00:00,52.34,1192.0,BUY
2024-01-01 16:24:58+01:00,46.0,843.0,Sell
2024-01-01 15:26:36+00:00,95.42,1319.0,buy
2024-01-01 15:27:30+00:00,59.45,1575.0,SELL
2024-01-01 15:28:04+00:00,55.99,1602.0,Buy
2024-01-01 16:35:36+01:00,71.98,615.0,Sell
2024-01-01 15:37:07+00:00,40.88,1844.0,sell
2024-01-01 15:38:46+00:00,93.0,1500.0,BUY
2024-01-01 15:46:27+00:00,90.69,253.0,Buy
2024-01-01 15:47:11+00:00,39.58,1020.0,BUY
2024-01-01 15:47:38+00:00,,256.0,SELL
2024-01-01 15:48:26+00:00,76.82,662.0,sell
2024-01-01 15:48:34+00:00,44.52,818.0,BUY
2024-01-01 15:48:47+00:00,24.52,1805.0,BUY
2024-01-01 15:49:21+00:00,53.27,637.0,BUY
2024-01-01 16:49:50+01:00,76.2,1716.0,BUY
2024-01-01 15:49:52+00:00,73.9,600.0,buy
2024-01-01 16:50:15+01:00,93.64,378.0,Sell
2024-01-01 15:53:13+00:00,33.02,1434.0,sell
2024-01-01 16:54:02+01:00,59.39,931.0,buy
2024-01-01 15:55:06+00:00,67.65,1690.0,sell
2024-01-01 15:56:41+00:00,78.33,1154.0,BUY
2024-01-01 16:57:39+01:00,94.17,804.0,Buy
2024-01-01 15:58:07+00:00,64.33,1138.0,sell
2024-01-01 15:58:12+00:00,23.23,1204.0,sell
2024-01-01 16:02:17+00:00,69.01,364.0,sell
2024-01-01 17:04:58+01:00,85.85,165.0,buy
2024-01-01 16:06:07+00:00,31.11,1714.0,buy
2024-01-01 16:06:29+00:00,21.7,1867.0,Buy
2024-01-01 16:07:50+00:00,44.24,672.0,buy
2024-01-01 16:08:01+00:00,24.72,1355.0,BUY
2024-01-01 17:11:07+01:00,3248.15,1850.0,Buy
2024-01-01 16:11:10+00:00,29.28,1897.0,BUY
2024-01-01 16:12:33+00:00,84.81,98.0,Sell
2024-01-01 16:16:23+00:00,94.21,449.0,Buy
2024-01-01 16:17:29+00:00,63.61,1551.0,buy
2024-01-01 16:17:58+00:00,97.55,306.0,buy
2024-01-01 16:18:21+00:00,40.89,803.0,buy
2024-01-01 16:18:55+00:00,40.04,907.0,sell
2024-01-01 16:24:37+00:00,78.99,1498.0,sell
2024-01-01 17:24:42+01:00,69.47,481.0,buy
2024-01-01 16:27:02+00:00,87.58,1753.0,SELL
2024-01-01 16:28:07+00:00,99.58,730.0,SELL
2024-01-01 16:28:49+00:00,57.23,587.0,Buy
2024-01-01 16:29:11+00:00,90.64,1083.0,buy
2024-01-01 16:33:17+00:00,76.99,1997.0,Sell
2024-01-01 17:33:34+01:00,34.14,,Sell
2024-01-01 16:37:13+00:00,66.53,507.0,buy
2024-01-01 16:37:55+00:00,49.52,1968.0,sell
2024-01-01 16:40:26+00:00,70.07,432.0,sell
2024-01-01 16:42:30+00:00,70.87,679.0,BUY
2024-01-01 16:42:37+00:00,69.55,448.0,sell
2024-01-01 17:43:21+01:00,93.81,1295.0,buy
2024-01-01 16:44:46+00:00,72.84,1320.0,sell
2024-01-01 16:47:09+00:00,60.55,1492.0,buy
2024-01-01 16:48:54+00:00,43.78,1207.0,SELL
2024-01-01 16:50:49+00:00,29.12,1777.0,BUY
2024-01-01 16:50:53+00:00,82.63,1677.0,Sell
2024-01-01 16:52:49+00:00,25.7,862.0,SELL
2024-01-01 16:52:54+00:00,22.28,1307.0,SELL
2024-01-01 16:55:05+00:00,3748.38,596.0,BUY
2024-01-01 16:55:10+00:00,20.44,1433.0,Buy
2024-01-01 16:57:23+00:00,28.37,373.0,Sell
2024-01-01 16:59:40+00:00,49.09,826.0,SELL
2024-01-01 17:00:19+00:00,67.52,856.0,buy
2024-01-01 18:00:58+01:00,29.34,,Buy
2024-01-01 17:01:02+00:00,30.42,1181.0,Buy
2024-01-01 17:01:34+00:00,86.3,348.0,Buy
2024-01-01 18:03:11+01:00,51.8,1549.0,Sell
2024-01-01 17:04:12+00:00,68.86,868.0,Buy
2024-01-01 17:06:18+00:00,91.53,732.0,Sell
2024-01-01 17:06:39+00:00,43.61,98.0,BUY
2024-01-01 17:09:56+00:00,88.19,354.0,sell
2024-01-01 18:10:30+01:00,55.28,192.0,SELL
2024-01-01 17:11:10+00:00,97.13,358.0,BUY
2024-01-01 18:12:17+01:00,,453.0,Sell
2024-01-01 17:13:02+00:00,70.0,136.0,buy
2024-01-01 17:15:05+00:00,25.38,1867.0,sell
2024-01-01 17:15:22+00:00,,161.0,BUY
2024-01-01 18:15:43+01:00,42.96,1552.0,Sell
2024-01-01 18:16:30+01:00,,926.0,sell
2024-01-01 17:17:04+00:00,4415.04,1869.0,Buy
2024-01-01 17:17:18+00:00,94.45,869.0,SELL
2024-01-01 17:17:27+00:00,97.17,1024.0,SELL
2024-01-01 17:18:12+00:00,91.3,383.0,SELL
2024-01-01 17:18:14+00:00,59.34,1681.0,Buy
2024-01-01 17:19:23+00:00,67.94,1723.0,sell
2024-01-01 18:24:14+01:00,75.58,1049.0,sell
2024-01-01 17:28:54+00:00,28.24,823.0,Sell
2024-01-01 17:29:38+00:00,27.61,1998.0,Buy
2024-01-01 17:31:59+00:00,94.99,1860.0,Buy
2024-01-01 18:33:12+01:00,50.62,330.0,sell
2024-01-01 17:36:36+00:00,48.75,455.0,BUY
2024-01-01 18:37:59+01:00,76.74,1057.0,buy
2024-01-01 17:38:08+00:00,51.79,1075.0,BUY
2024-01-01 18:38:53+01:00,68.33,1608.0,buy
2024-01-01 17:39:03+00:00,24.35,1399.0,Sell
2024-01-01 17:39:38+00:00,85.17,197.0,BUY
2024-01-01 18:40:37+01:00,32.08,249.0,Buy
2024-01-01 17:42:45+00:00,56.12,512.0,SELL
2024-01-01 17:43:44+00:00,68.92,1843.0,Buy
2024-01-01 18:44:00+01:00,64.53,1764.0,Buy
2024-01-01 18:45:30+01:00,65.8,1788.0,BUY
2024-01-01 18:46:00+01:00,38.32,1705.0,Sell
2024-01-01 17:46:10+00:00,64.05,529.0,sell
2024-01-01 17:46:33+00:00,51.97,1934.0,sell
2024-01-01 17:50:29+00:00,80.68,1742.0,sell
2024-01-01 17:50:55+00:00,85.61,254.0,SELL
2024-01-01 17:51:34+00:00,49.27,1629.0,Sell
2024-01-01 18:53:07+01:00,21.99,1116.0,SELL
2024-01-01 18:53:23+01:00,97.33,1692.0,Buy
2024-01-01 17:55:31+00:00,21.97,183.0,Sell
2024-01-01 17:58:32+00:00,39.1,484.0,SELL
2024-01-01 18:00:41+00:00,87.59,1407.0,SELL
2024-01-01 18:01:32+00:00,36.82,411.0,Buy
2024-01-01 18:03:01+00:00,58.09,435.0,Buy
2024-01-01 18:06:44+00:00,52.2,724.0,SELL
2024-01-01 18:09:32+00:00,29.44,216.0,BUY
2024-01-01 18:12:53+00:00,49.58,1570.0,BUY
2024-01-01 18:13:38+00:00,90.01,572.0,SELL
2024-01-01 18:13:52+00:00,42.04,383.0,buy
2024-01-01 18:14:45+00:00,24.66,1769.0,SELL
2024-01-01 18:16:58+00:00,58.1,435.0,sell
2024-01-01 19:19:09+01:00,81.92,1285.0,Sell
2024-01-01 19:19:39+01:00,77.27,1022.0,buy
2024-01-01 18:23:13+00:00,27.0,1205.0,Buy
2024-01-01 19:25:15+01:00,83.93,126.0,SELL
2024-01-01 18:25:22+00:00,88.0,380.0,buy
2024-01-01 18:26:39+00:00,79.45,1355.0,sell
2024-01-01 18:28:21+00:00,99.17,1967.0,BUY
2024-01-01 18:28:45+00:00,23.82,137.0,BUY
2024-01-01 18:30:04+00:00,31.65,1411.0,SELL
2024-01-01 18:30:49+00:00,36.23,1125.0,Sell
2024-01-01 18:31:56+00:00,21.06,1879.0,Sell
2024-01-01 18:32:00+00:00,94.37,1054.0,BUY
2024-01-01 18:33:16+00:00,82.06,1324.0,buy
2024-01-01 18:34:31+00:00,90.98,1350.0,SELL
2024-01-01 18:37:13+00:00,23.54,1920.0,BUY
2024-01-01 19:38:13+01:00,38.25,1866.0,buy
2024-01-01 18:40:27+00:00,56.87,1760.0,Buy
2024-01-01 18:42:11+00:00,70.83,1568.0,Sell
2024-01-01 19:44:28+01:00,50.81,1360.0,buy
2024-01-01 19:45:04+01:00,78.09,936.0,BUY
2024-01-01 18:45:12+00:00,57.44,1065.0,Buy
2024-01-01 18:45:39+00:00,1500.79,257.0,sell
2024-01-01 18:45:41+00:00,24.06,746.0,Sell
2024-01-01 18:46:41+00:00,28.18,1834.0,SELL
2024-01-01 18:47:57+00:00,27.43,1671.0,Buy
2024-01-01 18:48:44+00:00,39.83,223.0,BUY
2024-01-01 18:51:25+00:00,78.32,1204.0,sell
2024-01-01 18:51:37+00:00,35.57,34688.0,Sell
2024-01-01 18:56:55+00:00,50.14,1440.0,sell
2024-01-01 19:59:00+01:00,61.69,194.0,Sell
2024-01-01 19:01:24+00:00,80.96,1450.0,SELL
2024-01-01 20:02:38+01:00,72.81,1148.0,Buy
2024-01-01 19:03:11+00:00,81.99,615.0,sell
2024-01-01 19:04:05+00:00,46.0,1489.0,Buy
2024-01-01 19:04:55+00:00,34.77,619.0,BUY
2024-01-01 20:05:04+01:00,41.97,637.0,buy
2024-01-01 19:07:19+00:00,80.35,1266.0,sell
2024-01-01 20:08:15+01:00,96.23,655.0,sell
2024-01-01 19:08:15+00:00,96.64,216.0,Buy
2024-01-01 19:08:56+00:00,28.83,324.0,Sell
2024-01-01 19:10:12+00:00,21.54,1583.0,BUY
2024-01-01 19:10:49+00:00,23.0,360.0,buy
2024-01-01 19:11:38+00:00,91.54,337.0,sell
2024-01-01 19:14:34+00:00,81.77,309.0,Sell
2024-01-01 19:15:12+00:00,37.22,769.0,Sell
2024-01-01 19:15:42+00:00,73.23,406.0,Sell
2024-01-01 19:16:27+00:00,91.88,71.0,buy
2024-01-01 19:16:42+00:00,83.93,1715.0,Buy
2024-01-01 19:17:33+00:00,79.4,17232.0,buy
2024-01-01 19:18:16+00:00,51.96,20998.0,buy
2024-01-01 19:18:29+00:00,,885.0,buy
2024-01-01 19:18:46+00:00,75.38,928.0,Sell
2024-01-01 19:21:46+00:00,49.05,782.0,sell
2024-01-01 19:21:50+00:00,33.25,,buy
2024-01-01 19:24:16+00:00,90.95,107.0,sell
2024-01-01 19:25:37+00:00,28.23,1998.0,buy
2024-01-01 19:26:24+00:00,41.69,969.0,Buy
2024-01-01 19:26:31+00:00,96.94,619.0,Sell
2024-01-01 19:31:11+00:00,53.82,1039.0,SELL
2024-01-01 19:32:53+00:00,58.92,1047.0,Buy
2024-01-01 19:34:12+00:00,84.78,125.0,buy
2024-01-01 19:36:37+00:00,56.14,1899.0,buy
2024-01-01 19:37:16+00:00,54.38,1719.0,Sell
2024-01-01 19:37:17+00:00,23.19,1348.0,Buy
2024-01-01 19:37:38+00:00,89.4,1793.0,Buy
2024-01-01 19:37:57+00:00,69.7,443.0,buy
2024-01-01 19:39:48+00:00,46.29,61.0,Buy
2024-01-01 19:40:46+00:00,37.26,1429.0,SELL
2024-01-01 19:43:32+00:00,76.61,1238.0,SELL
2024-01-01 20:44:01+01:00,43.38,1242.0,BUY
2024-01-01 20:45:43+01:00,27.43,751.0,buy
2024-01-01 19:46:38+00:00,86.72,,Sell
2024-01-01 19:46:46+00:00,68.69,1866.0,BUY
2024-01-01 19:46:53+00:00,94.85,1613.0,Buy
2024-01-01 19:48:29+00:00,63.69,1797.0,buy
2024-01-01 19:51:00+00:00,61.13,1293.0,BUY
2024-01-01 20:51:06+01:00,72.49,1412.0,buy
2024-01-01 19:54:47+00:00,57.47,656.0,buy
2024-01-01 19:56:05+00:00,20.19,497.0,Sell
2024-01-01 19:57:34+00:00,42.96,1404.0,sell
2024-01-01 19:59:38+00:00,22.82,298.0,Sell
2024-01-01 21:00:13+01:00,63.5,682.0,sell
2024-01-01 20:00:21+00:00,22.07,1439.0,buy
2024-01-01 21:09:46+01:00,71.55,492.0,Buy
2024-01-01 20:10:07+00:00,89.47,950.0,sell
2024-01-01 20:11:09+00:00,49.3,153.0,sell
2024-01-01 20:11:57+00:00,43.58,1538.0,sell
2024-01-01 20:13:00+00:00,90.75,1805.0,sell
2024-01-01 20:14:33+00:00,81.45,1687.0,Buy
2024-01-01 20:14:43+00:00,38.4,811.0,buy
2024-01-01 20:15:41+00:00,47.74,1089.0,SELL
2024-01-01 21:18:28+01:00,29.7,207.0,BUY
2024-01-01 21:18:32+01:00,89.52,114.0,sell
2024-01-01 20:21:34+00:00,95.0,357.0,SELL
2024-01-01 20:22:20+00:00,60.27,1487.0,buy
2024-01-01 20:22:22+00:00,94.29,1208.0,Buy
2024-01-01 20:22:33+00:00,99.47,902.0,Sell
2024-01-01 21:24:08+01:00,88.88,1707.0,Sell
2024-01-01 20:24:22+00:00,90.02,961.0,Buy
2024-01-01 20:26:14+00:00,42.13,267.0,Buy
2024-01-01 20:27:13+00:00,82.14,121.0,Buy
2024-01-01 20:27:33+00:00,84.93,1611.0,SELL
2024-01-01 20:29:04+00:00,94.71,10193.0,sell
2024-01-01 21:29:32+01:00,97.27,430.0,BUY
2024-01-01 20:30:00+00:00,56.36,1400.0,buy
2024-01-01 20:30:04+00:00,63.66,1506.0,Buy
2024-01-01 20:35:23+00:00,32.69,586.0,Sell
2024-01-01 20:38:45+00:00,38.0,1107.0,sell
2024-01-01 21:41:26+01:00,21.22,386.0,sell
2024-01-01 20:43:51+00:00,68.86,1981.0,SELL
2024-01-01 21:44:26+01:00,54.05,578.0,BUY
2024-01-01 20:44:50+00:00,45.32,171.0,buy
2024-01-01 20:44:51+00:00,50.85,200.0,SELL
2024-01-01 20:45:54+00:00,40.49,516.0,Sell
2024-01-01 20:47:12+00:00,97.06,486.0,Sell
2024-01-01 20:47:49+00:00,49.98,1750.0,BUY
2024-01-01 20:49:18+00:00,54.43,1343.0,sell
2024-01-01 20:53:30+00:00,30.98,1087.0,Buy
2024-01-01 20:53:36+00:00,43.47,436.0,Buy
2024-01-01 20:55:53+00:00,75.89,1206.0,Buy
2024-01-01 20:59:56+00:00,79.96,1556.0,buy
2024-01-01 22:00:05+01:00,34.85,1508.0,Sell
2024-01-01 21:04:24+00:00,56.23,1669.0,buy
2024-01-01 21:04:58+00:00,61.31,1814.0,buy
2024-01-01 22:05:27+01:00,46.66,732.0,Buy
2024-01-01 21:06:27+00:00,26.69,494.0,Sell
2024-01-01 21:06:33+00:00,85.71,1377.0,buy
2024-01-01 21:08:29+00:00,82.27,1864.0,Sell
2024-01-01 22:08:31+01:00,94.34,1160.0,sell
2024-01-01 21:08:46+00:00,48.28,1364.0,Buy
2024-01-01 21:09:28+00:00,,1115.0,Sell
2024-01-01 21:10:44+00:00,44.64,1764.0,Buy
2024-01-01 21:11:28+00:00,20.44,1201.0,BUY
2024-01-01 21:12:36+00:00,94.47,,buy
2024-01-01 21:12:40+00:00,73.12,1111.0,buy
2024-01-01 22:13:37+01:00,97.74,1447.0,sell
2024-01-01 22:13:47+01:00,37.68,1883.0,Sell
2024-01-01 21:14:56+00:00,74.23,1428.0,Sell
2024-01-01 21:15:32+00:00,42.59,387.0,sell
2024-01-01 22:22:59+01:00,91.19,1317.0,SELL
2024-01-01 22:28:31+01:00,73.52,1524.0,sell
2024-01-01 22:29:09+01:00,36.78,1763.0,SELL
2024-01-01 21:29:40+00:00,83.59,1371.0,BUY
2024-01-01 21:30:14+00:00,41.19,931.0,buy
2024-01-01 21:31:11+00:00,64.6,1838.0,BUY
2024-01-01 21:31:17+00:00,41.1,607.0,Buy
2024-01-01 21:34:41+00:00,27.21,943.0,buy
2024-01-01 22:34:44+01:00,69.57,65.0,Buy
2024-01-01 22:36:05+01:00,54.5,1121.0,sell
2024-01-01 21:36:19+00:00,93.81,434.0,BUY
2024-01-01 21:38:19+00:00,83.15,874.0,BUY
2024-01-01 21:39:36+00:00,64.04,1690.0,buy
2024-01-01 22:41:35+01:00,92.4,1414.0,SELL
2024-01-01 21:43:55+00:00,69.01,1850.0,BUY
2024-01-01 21:45:05+00:00,92.0,282.0,Buy
2024-01-01 21:45:35+00:00,96.64,1832.0,buy
2024-01-01 21:46:00+00:00,31.22,366.0,Buy
2024-01-01 21:52:22+00:00,51.66,1719.0,sell
2024-01-01 21:53:44+00:00,49.67,1668.0,buy
2024-01-01 21:54:08+00:00,45.23,1560.0,buy
2024-01-01 21:55:32+00:00,,319.0,SELL
2024-01-01 21:58:56+00:00,87.6,1524.0,SELL
2024-01-01 22:00:50+00:00,48.99,355.0,SELL
2024-01-01 23:05:21+01:00,38.15,1516.0,buy
2024-01-01 22:06:03+00:00,41.96,425.0,SELL
2024-01-01 22:07:40+00:00,74.16,108.0,sell
2024-01-01 22:13:29+00:00,63.21,1076.0,sell
2024-01-01 22:16:12+00:00,28.98,550.0,BUY
2024-01-01 22:20:57+00:00,84.5,219.0,SELL
2024-01-01 22:21:38+00:00,45.58,1965.0,buy
2024-01-01 22:21:39+00:00,50.33,334.0,buy
2024-01-01 22:22:15+00:00,72.95,1540.0,Buy
2024-01-01 22:23:52+00:00,87.48,612.0,Sell
2024-01-01 22:27:07+00:00,60.44,1563.0,BUY
2024-01-01 22:30:02+00:00,25.7,1357.0,buy
2024-01-01 22:30:42+00:00,99.75,153.0,Buy
2024-01-01 22:31:31+00:00,29.33,1037.0,Sell
2024-01-01 22:33:09+00:00,71.5,660.0,sell
2024-01-01 22:34:07+00:00,87.58,813.0,Sell
2024-01-01 22:36:26+00:00,82.47,941.0,SELL
2024-01-01 23:46:31+01:00,32.53,188.0,Buy
2024-01-01 22:46:42+00:00,29.98,1018.0,SELL
2024-01-01 22:48:05+00:00,86.75,278.0,buy
2024-01-01 22:51:34+00:00,62.2,1691.0,sell
2024-01-01 23:51:53+01:00,45.11,950.0,buy
2024-01-01 22:54:13+00:00,80.12,1949.0,sell
2024-01-01 23:54:23+01:00,96.98,205.0,sell
2024-01-01 22:57:22+00:00,98.87,112.0,buy
2024-01-01 22:57:34+00:00,3079.55,1061.0,BUY
2024-01-01 22:58:11+00:00,60.57,389.0,Sell
2024-01-02 00:00:41+01:00,93.87,1857.0,BUY
2024-01-01 23:00:42+00:00,48.38,1930.0,SELL
2024-01-01 23:01:02+00:00,77.35,1796.0,buy
2024-01-01 23:02:26+00:00,47.25,1068.0,SELL
2024-01-01 23:02:58+00:00,35.39,461.0,Buy
2024-01-01 23:03:04+00:00,59.85,1991.0,sell
2024-01-01 23:03:50+00:00,64.89,1867.0,SELL
2024-01-01 23:04:25+00:00,49.1,1563.0,sell
2024-01-01 23:06:58+00:00,66.94,1020.0,SELL
2024-01-02 00:08:52+01:00,33.97,1942.0,SELL
2024-01-01 23:09:16+00:00,60.05,872.0,sell
2024-01-01 23:10:39+00:00,83.69,1863.0,BUY
2024-01-01 23:10:51+00:00,36.54,1493.0,SELL
2024-01-01 23:11:26+00:00,78.38,926.0,Sell
2024-01-01 23:12:46+00:00,24.87,659.0,BUY
2024-01-01 23:13:11+00:00,60.11,566.0,sell
2024-01-01 23:17:27+00:00,33.63,371.0,Buy
2024-01-01 23:18:04+00:00,83.14,1858.0,SELL
2024-01-01 23:18:57+00:00,68.19,157.0,sell
2024-01-01 23:26:40+00:00,60.55,1069.0,BUY
2024-01-01 23:27:26+00:00,55.15,586.0,buy
2024-01-01 23:28:27+00:00,82.17,703.0,sell
2024-01-02 00:30:06+01:00,80.93,529.0,SELL
2024-01-01 23:34:03+00:00,96.47,101.0,SELL
2024-01-01 23:39:50+00:00,99.82,233.0,BUY
2024-01-01 23:41:36+00:00,36.58,721.0,Sell
2024-01-01 23:42:37+00:00,39.13,1514.0,buy
2024-01-01 23:43:37+00:00,96.93,616.0,buy
2024-01-01 23:44:50+00:00,32.33,,SELL
2024-01-02 00:45:07+01:00,,526.0,buy
2024-01-01 23:45:50+00:00,70.46,1541.0,SELL
2024-01-01 23:46:54+00:00,38.13,1216.0,SELL
2024-01-01 23:51:17+00:00,65.48,548.0,buy
2024-01-02 00:53:18+01:00,82.78,64.0,SELL
2024-01-01 23:54:10+00:00,26.28,1313.0,SELL
2024-01-01 23:55:22+00:00,44.54,1811.0,Buy
2024-01-01 23:55:48+00:00,48.62,1197.0,Sell
2024-01-01 23:58:45+00:00,70.73,729.0,SELL
2024-01-02 00:03:01+00:00,53.77,1486.0,Sell
2024-01-02 00:04:45+00:00,59.7,623.0,SELL
2024-01-02 00:05:10+00:00,52.91,582.0,BUY
2024-01-02 00:06:03+00:00,79.86,1760.0,BUY
2024-01-02 00:06:55+00:00,69.62,1330.0,sell
2024-01-02 01:08:32+01:00,94.91,473.0,Buy
2024-01-02 00:08:46+00:00,66.54,402.0,Sell
2024-01-02 00:09:12+00:00,97.68,1640.0,Buy
2024-01-02 00:09:33+00:00,58.91,1407.0,Buy
2024-01-02 00:09:38+00:00,36.13,1867.0,SELL
2024-01-02 00:14:04+00:00,99.82,802.0,Sell
2024-01-02 00:14:35+00:00,29.75,124.0,Sell
2024-01-02 00:14:51+00:00,92.28,419.0,Sell
2024-01-02 00:14:53+00:00,66.66,1274.0,SELL
2024-01-02 00:16:12+00:00,49.79,1570.0,buy
2024-01-02 00:16:22+00:00,71.7,50.0,Sell
2024-01-02 00:17:45+00:00,31.12,1280.0,buy
2024-01-02 00:18:15+00:00,86.29,1482.0,SELL
2024-01-02 00:20:41+00:00,23.09,202.0,Sell
2024-01-02 00:22:03+00:00,64.55,467.0,buy
2024-01-02 00:22:46+00:00,33.27,915.0,buy
2024-01-02 00:23:16+00:00,83.02,1943.0,Sell
2024-01-02 00:25:18+00:00,75.55,1082.0,buy
2024-01-02 00:26:48+00:00,90.22,653.0,sell
2024-01-02 01:27:24+01:00,57.5,1292.0,SELL
2024-01-02 00:27:38+00:00,38.06,1045.0,buy
2024-01-02 00:27:53+00:00,90.49,1718.0,Buy
2024-01-02 00:31:48+00:00,78.37,370.0,Buy
2024-01-02 01:32:20+01:00,44.45,1714.0,SELL
2024-01-02 00:33:09+00:00,31.0,1348.0,sell
2024-01-02 00:34:17+00:00,79.07,715.0,Buy
2024-01-02 00:34:18+00:00,88.49,974.0,Sell
2024-01-02 00:36:37+00:00,55.35,1853.0,Buy
2024-01-02 00:36:43+00:00,89.43,1131.0,Buy
2024-01-02 00:40:07+00:00,70.04,135.0,sell
2024-01-02 01:43:12+01:00,23.55,1747.0,BUY
2024-01-02 00:43:50+00:00,73.31,274.0,sell
2024-01-02 00:44:11+00:00,97.2,934.0,sell
2024-01-02 00:44:36+00:00,61.94,1605.0,buy
2024-01-02 00:45:40+00:00,45.52,1046.0,sell
2024-01-02 01:47:01+01:00,26.25,156.0,SELL
2024-01-02 00:47:38+00:00,56.49,1552.0,Buy
2024-01-02 00:48:56+00:00,91.13,631.0,Sell
2024-01-02 00:52:18+00:00,32.6,1349.0,Sell
2024-01-02 00:53:47+00:00,89.5,1196.0,buy
2024-01-02 00:53:48+00:00,35.15,150.0,buy
2024-01-02 00:54:41+00:00,68.55,396.0,Buy
2024-01-02 01:02:29+00:00,45.82,404.0,buy
2024-01-02 01:05:47+00:00,20.71,1500.0,Buy
2024-01-02 01:08:34+00:00,97.46,893.0,SELL
2024-01-02 01:09:05+00:00,78.02,997.0,BUY
2024-01-02 01:09:11+00:00,53.28,1217.0,sell
2024-01-02 01:09:41+00:00,25.6,521.0,buy
2024-01-02 01:12:10+00:00,96.85,1157.0,buy
2024-01-02 01:13:47+00:00,49.39,304.0,Sell
2024-01-02 01:17:41+00:00,48.49,313.0,buy
2024-01-02 01:20:16+00:00,37.42,293.0,buy
2024-01-02 02:22:00+01:00,75.32,327.0,Sell
2024-01-02 01:22:17+00:00,21.0,969.0,buy
2024-01-02 01:22:44+00:00,44.91,1167.0,Sell
2024-01-02 01:23:50+00:00,95.18,1383.0,Buy
2024-01-02 01:27:04+00:00,51.02,1256.0,sell
2024-01-02 01:27:52+00:00,97.56,1207.0,SELL
2024-01-02 01:28:38+00:00,75.17,670.0,BUY
2024-01-02 01:28:42+00:00,42.18,1869.0,Buy
2024-01-02 02:34:39+01:00,94.38,730.0,Buy
2024-01-02 01:35:40+00:00,36.81,1826.0,Sell
2024-01-02 02:38:15+01:00,82.0,993.0,BUY
2024-01-02 01:39:31+00:00,31.56,445.0,SELL
2024-01-02 01:40:46+00:00,87.89,572.0,SELL
2024-01-02 01:41:42+00:00,90.88,1786.0,sell
2024-01-02 01:46:23+00:00,49.28,40610.0,SELL
2024-01-02 01:46:39+00:00,57.54,1298.0,buy
2024-01-02 01:47:36+00:00,45.85,1443.0,sell
2024-01-02 01:48:16+00:00,37.81,699.0,Sell
2024-01-02 01:48:29+00:00,42.27,159.0,Sell
2024-01-02 01:49:07+00:00,76.52,1084.0,Buy
2024-01-02 01:51:13+00:00,30.5,1061.0,BUY
2024-01-02 02:51:44+01:00,66.53,891.0,sell
2024-01-02 01:53:06+00:00,50.25,899.0,BUY
2024-01-02 02:53:10+01:00,72.71,571.0,BUY
2024-01-02 01:53:11+00:00,93.98,83.0,BUY
2024-01-02 01:54:04+00:00,37.49,1067.0,BUY
2024-01-02 02:54:56+01:00,38.34,626.0,Sell
2024-01-02 01:55:14+00:00,29.72,118.0,Buy
2024-01-02 01:57:35+00:00,31.22,1492.0,Sell
2024-01-02 01:59:17+00:00,63.94,1261.0,BUY
2024-01-02 02:05:48+00:00,85.32,829.0,buy
2024-01-02 02:07:17+00:00,42.67,223.0,Buy
2024-01-02 02:09:02+00:00,59.46,1018.0,SELL
2024-01-02 03:12:17+01:00,75.38,1972.0,buy
2024-01-02 03:16:05+01:00,26.27,849.0,BUY
2024-01-02 02:17:34+00:00,39.36,961.0,BUY
2024-01-02 02:18:51+00:00,94.5,827.0,BUY
2024-01-02 02:20:05+00:00,1082.05,299.0,sell
2024-01-02 03:20:33+01:00,82.48,1842.0,sell
2024-01-02 02:20:47+00:00,89.99,1139.0,buy
2024-01-02 02:21:20+00:00,49.74,135.0,buy
2024-01-02 02:25:51+00:00,79.89,251.0,BUY
2024-01-02 02:26:10+00:00,71.87,1290.0,Sell
2024-01-02 02:26:57+00:00,25.69,712.0,Buy
2024-01-02 03:27:08+01:00,70.68,1633.0,buy
2024-01-02 02:28:27+00:00,68.64,79.0,Sell
2024-01-02 03:28:36+01:00,35.28,1085.0,buy
2024-01-02 02:29:18+00:00,31.24,1163.0,sell
2024-01-02 02:29:31+00:00,4883.99,856.0,BUY
2024-01-02 02:30:48+00:00,78.99,1326.0,buy
2024-01-02 02:30:50+00:00,91.6,1504.0,BUY
2024-01-02 03:34:50+01:00,91.31,1623.0,sell
2024-01-02 02:34:56+00:00,92.75,1990.0,buy
2024-01-02 02:37:50+00:00,84.34,1876.0,Sell
2024-01-02 02:38:57+00:00,89.22,1048.0,Sell
2024-01-02 02:40:27+00:00,26.25,1431.0,buy
2024-01-02 02:40:52+00:00,22.18,,Sell
2024-01-02 02:41:19+00:00,62.73,552.0,SELL
2024-01-02 02:42:45+00:00,41.84,908.0,buy
2024-01-02 03:48:23+01:00,57.42,792.0,SELL
2024-01-02 02:51:18+00:00,54.32,187.0,Sell
2024-01-02 02:52:29+00:00,86.68,592.0,BUY
2024-01-02 02:53:07+00:00,21.39,961.0,BUY
2024-01-02 02:53:36+00:00,30.62,112.0,SELL
2024-01-02 02:54:39+00:00,54.92,457.0,BUY
2024-01-02 03:56:11+01:00,70.77,107.0,Sell
2024-01-02 03:00:03+00:00,99.92,1046.0,SELL
2024-01-02 03:01:30+00:00,74.65,1339.0,Buy
2024-01-02 03:01:49+00:00,83.45,1379.0,Sell
2024-01-02 03:01:55+00:00,49.99,1917.0,Sell
2024-01-02 03:03:17+00:00,50.22,626.0,Buy
2024-01-02 04:06:19+01:00,1751.09,1686.0,Buy
2024-01-02 03:07:33+00:00,25.9,155.0,Sell
2024-01-02 04:09:30+01:00,58.28,917.0,Buy
2024-01-02 04:09:59+01:00,27.67,886.0,buy
2024-01-02 04:10:32+01:00,58.17,1488.0,BUY
2024-01-02 03:11:51+00:00,28.97,1929.0,Sell
2024-01-02 03:14:08+00:00,99.08,540.0,buy
2024-01-02 04:14:35+01:00,43.29,833.0,buy
2024-01-02 03:15:20+00:00,95.12,979.0,SELL
2024-01-02 03:18:03+00:00,79.83,1217.0,SELL
2024-01-02 03:20:41+00:00,83.26,711.0,Buy
2024-01-02 03:21:37+00:00,65.35,1951.0,buy
2024-01-02 04:23:46+01:00,41.61,912.0,Sell
2024-01-02 03:24:14+00:00,78.79,398.0,buy
2024-01-02 03:24:20+00:00,20.68,1062.0,sell
2024-01-02 03:25:26+00:00,29.91,1011.0,Buy
2024-01-02 03:26:36+00:00,1689.52,172.0,sell
2024-01-02 03:29:57+00:00,46.37,1943.0,SELL
2024-01-02 03:30:52+00:00,30.33,1264.0,BUY
2024-01-02 03:33:59+00:00,31.59,1454.0,sell
2024-01-02 03:34:00+00:00,78.57,927.0,Buy
2024-01-02 03:36:18+00:00,58.05,722.0,buy
2024-01-02 04:38:24+01:00,77.72,1676.0,SELL
2024-01-02 04:41:27+01:00,32.23,1288.0,Sell
2024-01-02 03:42:02+00:00,79.11,345.0,Buy
2024-01-02 03:42:37+00:00,97.17,687.0,Buy
2024-01-02 03:42:44+00:00,45.14,,SELL
2024-01-02 04:44:28+01:00,81.52,363.0,BUY
2024-01-02 03:45:05+00:00,37.86,1700.0,sell
2024-01-02 03:49:51+00:00,86.71,935.0,Buy
2024-01-02 03:50:23+00:00,29.62,986.0,Buy
2024-01-02 03:50:45+00:00,45.69,372.0,sell
2024-01-02 03:54:00+00:00,45.74,1610.0,buy
2024-01-02 04:54:47+01:00,60.32,189.0,BUY
2024-01-02 03:55:38+00:00,28.5,1976.0,SELL
2024-01-02 03:55:40+00:00,99.58,1327.0,Buy
2024-01-02 03:56:59+00:00,87.73,1374.0,sell
2024-01-02 03:57:05+00:00,69.59,1340.0,SELL
2024-01-02 03:57:33+00:00,79.98,1695.0,SELL
2024-01-02 03:59:56+00:00,60.35,219.0,BUY
2024-01-02 04:00:43+00:00,20.81,1349.0,Buy
2024-01-02 05:01:27+01:00,25.81,31532.0,sell
2024-01-02 04:02:45+00:00,42.91,1827.0,sell
2024-01-02 04:05:44+00:00,28.96,1209.0,BUY
2024-01-02 04:05:44+00:00,42.4,1989.0,sell
2024-01-02 04:06:11+00:00,90.0,577.0,sell
2024-01-02 05:13:51+01:00,79.05,911.0,buy
2024-01-02 05:14:36+01:00,34.64,957.0,SELL
2024-01-02 04:15:18+00:00,31.92,226.0,Sell
2024-01-02 05:16:18+01:00,47.93,907.0,BUY
2024-01-02 04:17:19+00:00,82.46,1852.0,BUY
2024-01-02 04:19:12+00:00,4511.58,1433.0,SELL
2024-01-02 04:24:22+00:00,57.7,1228.0,SELL
2024-01-02 04:24:39+00:00,34.18,1058.0,SELL
2024-01-02 04:25:31+00:00,21.52,1361.0,sell
2024-01-02 04:26:52+00:00,94.41,1214.0,Sell
2024-01-02 04:28:14+00:00,74.65,1468.0,SELL
2024-01-02 05:33:21+01:00,94.05,996.0,BUY
2024-01-02 05:34:55+01:00,54.04,1293.0,buy
2024-01-02 04:34:58+00:00,60.46,1205.0,Sell
2024-01-02 04:37:40+00:00,36.35,610.0,sell
2024-01-02 04:38:04+00:00,90.82,621.0,BUY
2024-01-02 04:39:17+00:00,20.24,847.0,SELL
2024-01-02 04:42:13+00:00,41.42,1895.0,Buy
2024-01-02 04:45:38+00:00,63.34,712.0,buy
2024-01-02 04:46:31+00:00,28.73,154.0,SELL
2024-01-02 04:47:02+00:00,25.63,158.0,SELL
2024-01-02 04:50:46+00:00,95.9,112.0,Sell
2024-01-02 04:50:52+00:00,70.79,1944.0,Sell
2024-01-02 04:51:09+00:00,45.86,207.0,Sell
2024-01-02 04:51:38+00:00,30.74,1034.0,BUY
2024-01-02 05:53:05+01:00,58.48,1825.0,Buy
2024-01-02 04:53:19+00:00,48.36,1656.0,SELL
2024-01-02 04:54:30+00:00,22.45,1376.0,sell
2024-01-02 04:55:08+00:00,79.93,760.0,buy
2024-01-02 04:55:35+00:00,97.61,1755.0,sell
2024-01-02 04:57:04+00:00,88.7,1614.0,sell
2024-01-02 05:58:02+01:00,71.91,879.0,sell
2024-01-02 05:00:44+00:00,64.96,459.0,Buy
2024-01-02 05:01:04+00:00,55.02,1792.0,SELL
2024-01-02 05:02:55+00:00,69.61,1730.0,buy
2024-01-02 05:07:04+00:00,55.07,524.0,sell
2024-01-02 05:10:23+00:00,58.8,,BUY
2024-01-02 05:12:56+00:00,68.72,1506.0,Buy
2024-01-02 05:13:48+00:00,24.14,1746.0,SELL
2024-01-02 05:14:59+00:00,59.38,1774.0,Sell
2024-01-02 05:15:08+00:00,27.86,596.0,Sell
2024-01-02 05:15:13+00:00,90.35,1859.0,Sell
2024-01-02 05:19:21+00:00,81.06,1175.0,Buy
2024-01-02 05:21:50+00:00,38.95,1295.0,SELL
2024-01-02 05:22:26+00:00,99.66,326.0,Buy
2024-01-02 05:23:46+00:00,66.2,524.0,buy
2024-01-02 05:26:20+00:00,67.2,1768.0,BUY
2024-01-02 05:26:23+00:00,82.47,1504.0,sell
2024-01-02 05:26:25+00:00,38.85,841.0,SELL
2024-01-02 05:27:20+00:00,25.01,1922.0,sell
2024-01-02 06:27:29+01:00,53.5,1054.0,buy
2024-01-02 05:27:31+00:00,98.86,726.0,BUY
2024-01-02 05:28:07+00:00,30.76,233.0,Buy
2024-01-02 06:28:59+01:00,30.21,432.0,buy
2024-01-02 05:31:41+00:00,21.33,1732.0,Buy
2024-01-02 06:31:44+01:00,65.22,313.0,Buy
2024-01-02 05:32:03+00:00,38.85,918.0,Sell
2024-01-02 05:32:03+00:00,72.93,1247.0,sell
2024-01-02 05:33:18+00:00,44.91,968.0,BUY
2024-01-02 05:34:49+00:00,82.18,1818.0,sell
2024-01-02 05:36:26+00:00,74.45,1558.0,buy
2024-01-02 06:38:38+01:00,24.21,62.0,Sell
2024-01-02 05:40:53+00:00,35.62,708.0,sell
2024-01-02 05:42:55+00:00,26.82,841.0,sell
2024-01-02 06:46:34+01:00,61.79,921.0,BUY
2024-01-02 05:47:12+00:00,75.51,661.0,Buy
2024-01-02 05:48:42+00:00,79.13,1697.0,sell
2024-01-02 05:49:03+00:00,22.41,867.0,BUY
2024-01-02 05:50:45+00:00,36.91,1213.0,buy
2024-01-02 05:52:57+00:00,84.69,508.0,Buy
2024-01-02 05:56:27+00:00,30.97,113.0,SELL
2024-01-02 05:56:36+00:00,54.87,1707.0,SELL
2024-01-02 05:57:28+00:00,54.38,1215.0,Buy
2024-01-02 05:58:58+00:00,37.26,1923.0,sell
2024-01-02 06:00:21+00:00,41.39,197.0,Buy
2024-01-02 06:00:52+00:00,94.82,1060.0,BUY
2024-01-02 07:03:06+01:00,87.36,1105.0,Sell
2024-01-02 06:06:53+00:00,81.51,596.0,BUY
2024-01-02 06:07:06+00:00,51.63,957.0,buy
2024-01-02 06:11:01+00:00,34.44,1672.0,sell
2024-01-02 06:12:38+00:00,59.0,1779.0,buy
2024-01-02 06:13:06+00:00,49.2,85.0,Sell
2024-01-02 07:13:48+01:00,55.21,1777.0,sell
2024-01-02 07:14:15+01:00,61.8,1504.0,Buy
2024-01-02 06:15:36+00:00,42.39,913.0,Buy
2024-01-02 06:17:18+00:00,90.74,1086.0,Sell
2024-01-02 07:17:58+01:00,60.63,1863.0,Sell
2024-01-02 06:19:47+00:00,30.83,155.0,SELL
2024-01-02 06:21:58+00:00,41.18,785.0,BUY
2024-01-02 07:24:57+01:00,27.81,845.0,BUY
2024-01-02 07:25:15+01:00,41.64,405.0,SELL
2024-01-02 06:25:35+00:00,36.11,623.0,sell
2024-01-02 06:25:47+00:00,,1356.0,SELL
2024-01-02 07:26:44+01:00,41.13,1415.0,Sell
2024-01-02 06:27:11+00:00,90.55,855.0,Buy
2024-01-02 06:27:14+00:00,49.03,1494.0,SELL
2024-01-02 07:30:22+01:00,87.0,1859.0,SELL
2024-01-02 07:31:33+01:00,75.17,183.0,Buy
2024-01-02 06:34:07+00:00,64.79,381.0,Sell
2024-01-02 06:34:43+00:00,76.03,881.0,BUY
2024-01-02 06:36:56+00:00,73.42,1879.0,Sell
2024-01-02 06:37:19+00:00,40.43,1457.0,buy
2024-01-02 06:37:44+00:00,58.67,181.0,buy
2024-01-02 07:38:11+01:00,74.24,931.0,BUY
2024-01-02 06:39:03+00:00,82.34,1371.0,sell
2024-01-02 06:39:10+00:00,75.84,155.0,Buy
2024-01-02 07:40:12+01:00,84.34,218.0,sell
2024-01-02 06:45:08+00:00,94.56,687.0,Buy
2024-01-02 06:46:26+00:00,49.14,735.0,sell
2024-01-02 06:47:12+00:00,97.76,279.0,Buy
2024-01-02 06:48:58+00:00,64.78,1184.0,sell
2024-01-02 06:52:39+00:00,21.43,696.0,Buy
2024-01-02 06:56:49+00:00,76.19,723.0,Sell
2024-01-02 06:56:56+00:00,47.41,840.0,sell
2024-01-02 07:58:13+01:00,93.86,629.0,Sell
2024-01-02 06:58:35+00:00,39.01,1809.0,sell
2024-01-02 06:58:46+00:00,72.88,410.0,Sell
2024-01-02 08:02:45+01:00,81.17,359.0,SELL
2024-01-02 07:06:59+00:00,69.79,420.0,SELL
2024-01-02 08:08:12+01:00,27.12,438.0,BUY
2024-01-02 07:09:11+00:00,50.49,188.0,BUY
2024-01-02 07:12:36+00:00,69.92,1232.0,buy
2024-01-02 07:13:52+00:00,81.86,1508.0,buy
2024-01-02 07:14:45+00:00,21.03,510.0,BUY
2024-01-02 08:15:17+01:00,57.92,923.0,sell
2024-01-02 07:15:20+00:00,,1182.0,Sell
2024-01-02 07:15:29+00:00,56.57,119.0,Sell
2024-01-02 08:15:30+01:00,76.31,240.0,Buy
2024-01-02 07:19:04+00:00,45.99,385.0,buy
2024-01-02 07:22:42+00:00,69.77,946.0,Sell
2024-01-02 08:23:21+01:00,86.96,748.0,Buy
2024-01-02 08:26:57+01:00,63.06,525.0,Sell
2024-01-02 07:29:33+00:00,92.37,1595.0,Sell
2024-01-02 07:31:39+00:00,52.65,1272.0,buy
2024-01-02 07:32:15+00:00,50.31,117.0,sell
2024-01-02 08:32:37+01:00,39.41,268.0,sell
2024-01-02 08:32:51+01:00,40.23,654.0,Buy
2024-01-02 07:33:31+00:00,87.12,446.0,Buy
2024-01-02 08:33:43+01:00,49.64,776.0,sell
2024-01-02 07:36:16+00:00,52.85,700.0,Sell
2024-01-02 07:36:41+00:00,28.55,327.0,sell
2024-01-02 08:38:44+01:00,59.6,1374.0,Sell
2024-01-02 08:41:41+01:00,89.6,613.0,sell
2024-01-02 07:44:56+00:00,68.17,569.0,sell
2024-01-02 07:47:14+00:00,37.54,1993.0,buy
2024-01-02 07:50:16+00:00,96.61,1383.0,Buy
2024-01-02 07:54:11+00:00,89.29,607.0,Buy
2024-01-02 07:54:50+00:00,31.09,230.0,Buy
2024-01-02 07:55:07+00:00,75.46,1526.0,SELL
2024-01-02 07:57:34+00:00,59.7,1135.0,Buy
2024-01-02 07:57:41+00:00,48.89,497.0,BUY
2024-01-02 09:00:09+01:00,43.03,832.0,BUY
2024-01-02 08:00:54+00:00,71.19,1532.0,buy
2024-01-02 08:02:13+00:00,2708.8,1383.0,Sell
2024-01-02 09:03:27+01:00,98.9,289.0,BUY
2024-01-02 08:04:05+00:00,48.15,1631.0,BUY
2024-01-02 08:05:01+00:00,33.48,1920.0,buy
2024-01-02 08:05:02+00:00,67.11,216.0,buy
2024-01-02 08:06:36+00:00,99.95,1378.0,Buy
2024-01-02 08:06:38+00:00,72.57,1678.0,buy
2024-01-02 08:06:39+00:00,41.25,1962.0,sell
2024-01-02 09:08:00+01:00,48.23,1438.0,Sell
2024-01-02 08:08:36+00:00,75.48,1379.0,BUY
2024-01-02 08:09:17+00:00,69.48,86.0,BUY
2024-01-02 08:09:42+00:00,34.91,1989.0,SELL
2024-01-02 08:10:44+00:00,27.68,1987.0,buy
2024-01-02 08:11:32+00:00,78.51,1303.0,Sell
2024-01-02 08:11:50+00:00,46.7,821.0,Sell
2024-01-02 08:12:03+00:00,61.83,776.0,sell
2024-01-02 08:13:37+00:00,26.89,1076.0,BUY
2024-01-02 09:14:04+01:00,51.64,1202.0,Sell
2024-01-02 08:15:40+00:00,34.1,702.0,Buy
2024-01-02 08:18:19+00:00,40.43,508.0,Sell
2024-01-02 08:18:44+00:00,26.04,1747.0,buy
2024-01-02 08:19:24+00:00,91.46,40625.0,sell
2024-01-02 08:22:17+00:00,85.54,404.0,Buy
2024-01-02 08:22:48+00:00,38.95,611.0,sell
2024-01-02 09:23:04+01:00,98.46,1755.0,sell
2024-01-02 08:27:24+00:00,34.88,764.0,sell
2024-01-02 08:31:57+00:00,33.39,743.0,Sell
2024-01-02 08:33:47+00:00,38.22,343.0,sell
2024-01-02 08:35:25+00:00,85.07,478.0,buy
2024-01-02 08:38:23+00:00,4731.23,135.0,Buy
2024-01-02 08:39:14+00:00,47.83,1943.0,buy
2024-01-02 08:40:33+00:00,37.98,1537.0,sell
2024-01-02 08:41:46+00:00,87.9,739.0,BUY
2024-01-02 08:41:50+00:00,59.38,95.0,Buy
2024-01-02 08:41:56+00:00,73.76,567.0,sell
2024-01-02 09:44:13+01:00,20.82,1105.0,BUY
2024-01-02 08:44:22+00:00,26.04,456.0,SELL
2024-01-02 08:44:54+00:00,37.61,1713.0,sell
2024-01-02 08:47:54+00:00,45.02,1256.0,BUY
2024-01-02 09:48:32+01:00,39.2,1385.0,BUY
2024-01-02 08:49:28+00:00,35.39,906.0,Buy
2024-01-02 08:50:40+00:00,43.24,1797.0,Buy
2024-01-02 08:52:12+00:00,78.39,1453.0,buy
2024-01-02 08:53:36+00:00,56.79,1096.0,SELL
2024-01-02 08:55:20+00:00,60.71,1745.0,BUY
2024-01-02 08:55:35+00:00,94.6,810.0,SELL
2024-01-02 08:56:43+00:00,93.08,42556.0,SELL
2024-01-02 08:57:13+00:00,81.35,1430.0,buy
2024-01-02 08:58:08+00:00,51.72,1138.0,sell
2024-01-02 08:58:56+00:00,48.89,1169.0,SELL
2024-01-02 08:59:24+00:00,60.66,351.0,Buy
2024-01-02 09:00:54+00:00,65.04,1111.0,sell
2024-01-02 10:01:27+01:00,59.03,707.0,sell
2024-01-02 10:01:29+01:00,51.37,54.0,SELL
2024-01-02 09:03:41+00:00,94.33,430.0,buy
2024-01-02 09:04:42+00:00,94.37,1432.0,Sell
2024-01-02 09:05:49+00:00,42.3,636.0,Sell
2024-01-02 09:06:04+00:00,3984.43,347.0,BUY
2024-01-02 09:06:13+00:00,77.36,955.0,SELL
2024-01-02 09:06:57+00:00,40.47,960.0,Sell
2024-01-02 09:09:09+00:00,56.84,1014.0,SELL
2024-01-02 09:10:10+00:00,57.08,1695.0,sell
2024-01-02 10:10:15+01:00,77.24,983.0,Sell
2024-01-02 10:10:42+01:00,80.66,154.0,buy
2024-01-02 09:11:29+00:00,84.77,780.0,Sell
2024-01-02 09:12:43+00:00,99.8,782.0,Buy
2024-01-02 10:13:11+01:00,30.39,626.0,sell
2024-01-02 10:13:16+01:00,53.31,623.0,SELL
2024-01-02 09:14:53+00:00,83.84,156.0,buy
2024-01-02 10:15:41+01:00,51.82,1041.0,BUY
2024-01-02 09:16:52+00:00,23.2,224.0,Sell
2024-01-02 09:16:56+00:00,61.83,781.0,SELL
2024-01-02 09:17:01+00:00,65.92,354.0,Buy
2024-01-02 09:17:54+00:00,34.78,1254.0,BUY
2024-01-02 09:22:10+00:00,85.06,244.0,SELL
2024-01-02 09:22:46+00:00,62.9,1522.0,sell
2024-01-02 09:23:14+00:00,69.67,893.0,buy
2024-01-02 10:24:01+01:00,99.94,304.0,SELL
2024-01-02 09:25:33+00:00,52.59,316.0,SELL
2024-01-02 09:25:42+00:00,48.54,599.0,Buy
2024-01-02 09:26:02+00:00,26.66,1382.0,BUY
2024-01-02 09:26:32+00:00,22.66,500.0,Buy
2024-01-02 09:29:25+00:00,22.65,1578.0,buy
2024-01-02 09:34:41+00:00,44.73,570.0,Sell
2024-01-02 09:38:28+00:00,50.81,1261.0,SELL
2024-01-02 09:41:46+00:00,90.33,693.0,SELL
2024-01-02 09:42:03+00:00,70.79,667.0,sell
2024-01-02 09:42:47+00:00,95.91,626.0,BUY
2024-01-02 09:43:31+00:00,81.53,1552.0,buy
2024-01-02 09:45:51+00:00,66.64,1972.0,Buy
2024-01-02 10:48:11+01:00,58.92,239.0,buy
2024-01-02 09:49:15+00:00,59.92,184.0,buy
2024-01-02 09:50:46+00:00,98.1,88.0,Buy
2024-01-02 09:52:06+00:00,21.03,1248.0,sell
2024-01-02 09:53:22+00:00,64.41,292.0,BUY
2024-01-02 09:53:38+00:00,38.39,1393.0,sell
2024-01-02 09:53:58+00:00,92.71,707.0,SELL
2024-01-02 09:54:28+00:00,55.21,878.0,Sell
2024-01-02 09:55:07+00:00,35.71,860.0,buy
2024-01-02 09:59:42+00:00,61.15,1759.0,Sell
2024-01-02 10:01:54+00:00,88.38,1873.0,BUY
2024-01-02 10:02:37+00:00,76.81,923.0,Buy
2024-01-02 10:03:19+00:00,36.23,813.0,Sell
2024-01-02 10:04:44+00:00,66.46,167.0,sell
2024-01-02 10:06:22+00:00,36.22,1741.0,BUY
2024-01-02 11:06:45+01:00,95.57,1295.0,Sell
2024-01-02 10:08:09+00:00,3085.83,233.0,Buy
2024-01-02 10:08:21+00:00,67.28,1289.0,BUY
2024-01-02 10:08:39+00:00,82.96,871.0,Sell
2024-01-02 11:10:36+01:00,86.07,785.0,sell
2024-01-02 11:12:52+01:00,58.6,869.0,Buy
2024-01-02 11:13:12+01:00,93.35,1460.0,sell
2024-01-02 10:16:22+00:00,50.21,931.0,sell
2024-01-02 10:20:25+00:00,37.93,751.0,buy
2024-01-02 10:21:49+00:00,99.25,563.0,Buy
2024-01-02 11:22:43+01:00,92.17,570.0,Buy
2024-01-02 10:24:35+00:00,73.0,770.0,buy
2024-01-02 10:26:12+00:00,98.42,1541.0,BUY
2024-01-02 10:28:27+00:00,44.0,1282.0,Sell
2024-01-02 11:30:24+01:00,28.58,1941.0,buy
2024-01-02 10:30:31+00:00,64.62,1337.0,BUY
2024-01-02 10:33:42+00:00,41.23,749.0,Buy
2024-01-02 11:40:02+01:00,26.55,1712.0,buy
2024-01-02 10:40:56+00:00,86.44,608.0,Buy
2024-01-02 10:41:28+00:00,31.83,1776.0,SELL
2024-01-02 10:41:37+00:00,55.65,1845.0,BUY
2024-01-02 10:41:51+00:00,83.93,1193.0,Buy
2024-01-02 11:42:36+01:00,,1101.0,Buy
2024-01-02 10:42:49+00:00,49.83,1992.0,BUY
2024-01-02 11:43:17+01:00,35.22,,BUY
2024-01-02 11:44:07+01:00,71.77,616.0,Sell
2024-01-02 11:44:56+01:00,76.7,357.0,buy
2024-01-02 10:46:45+00:00,45.79,680.0,BUY
2024-01-02 10:48:58+00:00,94.85,329.0,sell
2024-01-02 11:52:07+01:00,66.25,1598.0,Buy
2024-01-02 10:52:39+00:00,53.25,1129.0,Buy
2024-01-02 10:54:56+00:00,52.52,856.0,SELL
2024-01-02 10:54:59+00:00,43.98,1490.0,BUY
2024-01-02 10:57:32+00:00,75.59,132.0,SELL
2024-01-02 11:57:55+01:00,82.43,752.0,BUY
2024-01-02 10:59:36+00:00,67.77,1028.0,buy
2024-01-02 10:59:39+00:00,64.18,419.0,SELL
2024-01-02 12:04:16+01:00,54.14,244.0,buy
2024-01-02 11:08:28+00:00,71.13,876.0,BUY
2024-01-02 11:09:08+00:00,42.04,1480.0,Buy
2024-01-02 11:10:26+00:00,20.54,1068.0,BUY
2024-01-02 11:12:00+00:00,62.88,1899.0,Sell
2024-01-02 12:13:51+01:00,39.0,1075.0,sell
2024-01-02 12:18:05+01:00,79.79,193.0,Sell
2024-01-02 11:19:20+00:00,37.52,1121.0,Buy
2024-01-02 11:20:34+00:00,28.59,1768.0,buy
2024-01-02 11:23:27+00:00,33.15,1293.0,Buy
2024-01-02 11:25:46+00:00,52.72,1643.0,buy
2024-01-02 11:26:18+00:00,96.53,132.0,sell
2024-01-02 11:27:52+00:00,61.77,542.0,Sell
2024-01-02 11:27:53+00:00,34.89,1444.0,Sell
2024-01-02 11:28:06+00:00,87.84,1282.0,Buy
2024-01-02 11:28:58+00:00,30.57,217.0,Sell
2024-01-02 11:29:59+00:00,69.19,1000.0,sell
2024-01-02 12:30:05+01:00,57.19,1445.0,Sell
2024-01-02 11:33:02+00:00,59.52,1042.0,sell
2024-01-02 11:35:56+00:00,45.98,1422.0,sell
2024-01-02 11:39:13+00:00,47.27,1562.0,Buy
2024-01-02 12:42:21+01:00,38.57,324.0,buy
2024-01-02 11:42:27+00:00,97.91,688.0,BUY
2024-01-02 11:46:08+00:00,63.52,568.0,buy
2024-01-02 11:47:39+00:00,31.0,1687.0,buy
2024-01-02 11:47:46+00:00,36.92,502.0,SELL
2024-01-02 11:48:00+00:00,77.27,209.0,Sell
2024-01-02 11:51:57+00:00,65.47,1259.0,SELL
2024-01-02 12:53:23+01:00,77.04,1569.0,buy
2024-01-02 11:53:42+00:00,,1940.0,buy
2024-01-02 12:56:01+01:00,41.28,,Buy
2024-01-02 12:04:30+00:00,78.54,831.0,sell
2024-01-02 12:04:46+00:00,69.84,1259.0,SELL
2024-01-02 12:06:19+00:00,31.2,847.0,sell
2024-01-02 13:11:13+01:00,23.33,1688.0,sell
2024-01-02 13:14:45+01:00,,236.0,buy
2024-01-02 13:16:08+01:00,54.08,1744.0,Buy
2024-01-02 12:22:23+00:00,20.58,270.0,Sell
2024-01-02 12:22:39+00:00,83.09,1028.0,sell
2024-01-02 12:22:46+00:00,59.6,1783.0,Buy
2024-01-02 12:23:35+00:00,78.2,1174.0,Buy
2024-01-02 12:25:24+00:00,28.34,679.0,sell
2024-01-02 12:25:36+00:00,21.45,1080.0,SELL
2024-01-02 12:25:37+00:00,20.57,1765.0,buy
2024-01-02 12:26:00+00:00,95.16,1749.0,BUY
2024-01-02 12:31:25+00:00,39.33,683.0,BUY
2024-01-02 12:33:25+00:00,33.14,810.0,SELL
2024-01-02 12:34:50+00:00,,831.0,Sell
2024-01-02 12:35:17+00:00,80.37,987.0,SELL
2024-01-02 12:36:41+00:00,77.88,1966.0,sell
2024-01-02 12:43:16+00:00,28.22,870.0,Buy
2024-01-02 12:45:19+00:00,91.27,49175.0,Sell
2024-01-02 13:45:21+01:00,56.4,1761.0,Sell
2024-01-02 13:46:12+01:00,44.84,919.0,BUY
2024-01-02 12:46:47+00:00,24.12,73.0,Sell
2024-01-02 12:50:14+00:00,41.84,598.0,SELL
2024-01-02 12:51:19+00:00,55.0,1633.0,BUY
2024-01-02 13:52:29+01:00,62.32,605.0,Buy
2024-01-02 12:55:15+00:00,67.73,279.0,BUY
2024-01-02 12:56:56+00:00,32.82,1648.0,SELL
2024-01-02 13:57:09+01:00,47.18,,Buy
2024-01-02 12:57:24+00:00,73.81,1668.0,buy
2024-01-02 14:02:42+01:00,76.71,524.0,sell
2024-01-02 13:03:33+00:00,79.37,289.0,sell
2024-01-02 13:04:26+00:00,80.66,1330.0,buy
2024-01-02 13:04:33+00:00,52.83,518.0,Sell
2024-01-02 13:05:17+00:00,44.72,767.0,Buy
2024-01-02 13:06:14+00:00,86.68,1753.0,BUY
2024-01-02 13:08:20+00:00,94.34,1974.0,sell
2024-01-02 14:12:48+01:00,51.85,102.0,Buy
2024-01-02 13:13:56+00:00,69.12,807.0,SELL
2024-01-02 13:14:45+00:00,87.51,342.0,buy
2024-01-02 13:15:03+00:00,25.02,1118.0,Sell
2024-01-02 13:15:19+00:00,92.98,744.0,SELL
2024-01-02 13:16:29+00:00,38.86,1509.0,BUY
2024-01-02 14:18:48+01:00,75.27,1887.0,Buy
2024-01-02 13:19:36+00:00,28.44,1121.0,sell
2024-01-02 13:21:27+00:00,91.99,718.0,Buy
2024-01-02 13:22:31+00:00,21.2,1809.0,Sell
2024-01-02 13:22:43+00:00,50.55,1841.0,buy
2024-01-02 13:22:53+00:00,90.1,647.0,buy
2024-01-02 13:28:41+00:00,74.6,1243.0,sell
2024-01-02 13:34:10+00:00,,1895.0,Sell
2024-01-02 13:34:43+00:00,69.23,48516.0,Buy
2024-01-02 13:37:47+00:00,48.95,1094.0,SELL
2024-01-02 13:39:32+00:00,82.24,1528.0,SELL
2024-01-02 13:42:43+00:00,97.89,936.0,sell
2024-01-02 13:43:23+00:00,30.32,355.0,BUY
2024-01-02 13:45:36+00:00,31.16,1088.0,SELL
2024-01-02 13:46:18+00:00,68.01,949.0,Buy
2024-01-02 13:46:27+00:00,91.27,,Buy
2024-01-02 13:46:48+00:00,69.05,974.0,Sell
2024-01-02 13:55:11+00:00,95.18,1191.0,Buy
2024-01-02 13:58:40+00:00,98.65,468.0,buy
2024-01-02 13:59:25+00:00,87.22,1211.0,buy
2024-01-02 13:59:55+00:00,79.73,1260.0,SELL
2024-01-02 14:00:41+00:00,39.07,1282.0,buy
2024-01-02 15:01:01+01:00,54.48,1880.0,sell
2024-01-02 15:02:37+01:00,77.98,290.0,Sell
2024-01-02 14:05:00+00:00,47.55,1749.0,Buy
2024-01-02 14:05:07+00:00,81.12,1847.0,Buy
2024-01-02 14:05:38+00:00,52.4,1732.0,SELL
2024-01-02 15:05:48+01:00,43.08,760.0,buy
2024-01-02 14:08:11+00:00,87.74,1112.0,sell
2024-01-02 14:08:48+00:00,95.53,675.0,Sell
2024-01-02 14:10:57+00:00,2384.74,432.0,SELL
2024-01-02 14:11:01+00:00,57.75,1870.0,Buy
2024-01-02 14:12:41+00:00,20.09,1711.0,SELL
2024-01-02 14:12:44+00:00,96.68,1767.0,SELL
2024-01-02 14:13:08+00:00,80.1,404.0,sell
2024-01-02 14:14:58+00:00,35.51,196.0,Sell
2024-01-02 14:15:10+00:00,44.27,1911.0,SELL
2024-01-02 14:15:14+00:00,97.9,1124.0,Sell
2024-01-02 15:15:35+01:00,46.93,1090.0,SELL
2024-01-02 15:15:47+01:00,76.88,1921.0,sell
2024-01-02 14:16:26+00:00,81.59,645.0,SELL
2024-01-02 15:17:57+01:00,93.98,1274.0,BUY
2024-01-02 15:19:48+01:00,58.05,1182.0,buy
2024-01-02 14:20:02+00:00,57.09,454.0,sell
2024-01-02 15:24:15+01:00,82.66,1535.0,Buy
2024-01-02 14:25:27+00:00,72.15,1506.0,sell
2024-01-02 14:25:46+00:00,23.15,543.0,Buy
2024-01-02 14:26:54+00:00,31.66,1891.0,sell
2024-01-02 15:31:19+01:00,78.0,262.0,BUY
2024-01-02 14:31:50+00:00,78.97,1489.0,sell
2024-01-02 14:32:03+00:00,68.53,868.0,BUY
2024-01-02 14:32:38+00:00,42.87,908.0,sell
2024-01-02 14:37:43+00:00,47.23,1720.0,Sell
2024-01-02 15:39:02+01:00,60.83,139.0,Sell
2024-01-02 15:39:42+01:00,64.92,1939.0,Sell
2024-01-02 14:40:44+00:00,24.82,1278.0,Buy
2024-01-02 14:41:44+00:00,65.21,139.0,BUY
2024-01-02 14:45:54+00:00,39.13,1540.0,sell
2024-01-02 15:47:47+01:00,93.58,154.0,Buy
2024-01-02 15:50:06+01:00,47.26,1173.0,buy
2024-01-02 14:50:53+00:00,21.69,1770.0,BUY
2024-01-02 14:51:57+00:00,22.34,304.0,buy
2024-01-02 15:51:59+01:00,91.29,1039.0,Buy
2024-01-02 14:52:26+00:00,,247.0,Buy
2024-01-02 14:52:54+00:00,52.69,426.0,sell
2024-01-02 15:54:50+01:00,39.88,490.0,SELL
2024-01-02 14:56:04+00:00,22.06,618.0,Buy
2024-01-02 14:58:22+00:00,48.35,1029.0,Sell
2024-01-02 14:58:32+00:00,66.09,1634.0,sell
2024-01-02 15:00:42+00:00,56.48,864.0,buy
2024-01-02 15:03:44+00:00,79.06,764.0,SELL
2024-01-02 16:04:17+01:00,22.89,1443.0,sell
2024-01-02 15:05:06+00:00,46.67,872.0,BUY
2024-01-02 15:05:45+00:00,85.78,1320.0,Buy
2024-01-02 15:07:45+00:00,24.73,594.0,sell
2024-01-02 15:12:22+00:00,80.74,1786.0,SELL
2024-01-02 15:13:12+00:00,83.42,43324.0,Buy
2024-01-02 16:16:57+01:00,39.41,1142.0,buy
2024-01-02 15:18:03+00:00,86.35,1510.0,sell
2024-01-02 15:19:24+00:00,21.8,1844.0,SELL
2024-01-02 15:20:08+00:00,91.61,1227.0,Buy
2024-01-02 15:21:49+00:00,68.35,1473.0,SELL
2024-01-02 15:22:54+00:00,46.02,1689.0,SELL
2024-01-02 15:23:44+00:00,74.21,537.0,SELL
2024-01-02 15:24:09+00:00,81.36,1324.0,SELL
2024-01-02 16:24:26+01:00,72.98,1066.0,buy
2024-01-02 15:25:24+00:00,31.08,1856.0,Sell
2024-01-02 15:28:43+00:00,31.54,1428.0,SELL
2024-01-02 15:29:03+00:00,48.57,1318.0,buy
2024-01-02 15:30:22+00:00,28.05,1160.0,buy
2024-01-02 15:35:04+00:00,21.58,1050.0,SELL
2024-01-02 15:37:54+00:00,57.83,1878.0,buy
2024-01-02 15:38:42+00:00,94.28,177.0,buy
2024-01-02 15:39:02+00:00,60.0,1314.0,Buy
2024-01-02 16:39:30+01:00,31.05,1324.0,buy
2024-01-02 15:40:18+00:00,99.84,791.0,BUY
2024-01-02 16:40:19+01:00,40.86,1824.0,Buy
2024-01-02 15:43:41+00:00,61.11,654.0,sell
2024-01-02 15:45:28+00:00,92.65,196.0,BUY
2024-01-02 16:47:22+01:00,50.2,734.0,SELL
2024-01-02 15:47:43+00:00,81.4,960.0,BUY
2024-01-02 15:48:52+00:00,23.36,1117.0,buy
2024-01-02 15:50:05+00:00,,72.0,Sell
2024-01-02 15:50:46+00:00,76.22,99.0,Buy
2024-01-02 15:51:56+00:00,84.7,817.0,buy
2024-01-02 16:51:58+01:00,30.89,1128.0,BUY
2024-01-02 15:52:01+00:00,46.37,1654.0,Sell
2024-01-02 15:53:02+00:00,94.59,1726.0,Buy
2024-01-02 15:54:18+00:00,21.26,1402.0,SELL
2024-01-02 15:56:21+00:00,83.35,430.0,Buy
2024-01-02 15:56:35+00:00,97.93,1388.0,sell
2024-01-02 15:56:52+00:00,28.53,1395.0,BUY
2024-01-02 15:58:34+00:00,96.64,132.0,Sell
2024-01-02 16:58:38+01:00,34.9,156.0,buy
2024-01-02 15:58:55+00:00,23.71,556.0,SELL
2024-01-02 15:59:35+00:00,99.26,420.0,Sell
2024-01-02 16:00:03+00:00,,710.0,sell
2024-01-02 16:02:33+00:00,66.48,1948.0,BUY
2024-01-02 17:05:13+01:00,49.07,756.0,buy
2024-01-02 16:06:59+00:00,43.77,1047.0,Buy
2024-01-02 16:08:44+00:00,95.53,1718.0,sell
2024-01-02 16:11:00+00:00,21.33,651.0,SELL
2024-01-02 17:14:54+01:00,68.97,556.0,SELL
2024-01-02 16:16:22+00:00,,1467.0,sell
2024-01-02 17:16:28+01:00,28.28,413.0,BUY
2024-01-02 16:16:36+00:00,27.25,1373.0,SELL
2024-01-02 16:19:55+00:00,62.08,1609.0,Buy
2024-01-02 16:21:51+00:00,83.23,1856.0,BUY
2024-01-02 16:22:48+00:00,55.57,891.0,Sell
2024-01-02 16:24:42+00:00,66.22,115.0,BUY
2024-01-02 16:25:40+00:00,57.99,845.0,sell
2024-01-02 16:29:55+00:00,96.8,1013.0,BUY
2024-01-02 17:35:13+01:00,33.98,1792.0,Buy
2024-01-02 16:39:06+00:00,87.79,172.0,buy
2024-01-02 16:42:14+00:00,91.0,542.0,SELL
2024-01-02 16:43:52+00:00,78.23,1026.0,buy
2024-01-02 16:44:12+00:00,69.92,926.0,Buy
2024-01-02 16:47:47+00:00,65.76,832.0,SELL
2024-01-02 16:48:58+00:00,41.12,1128.0,Buy
2024-01-02 16:52:07+00:00,54.01,1345.0,SELL
2024-01-02 16:52:34+00:00,59.77,1163.0,sell
2024-01-02 16:55:09+00:00,53.72,686.0,SELL
2024-01-02 16:58:45+00:00,73.87,1435.0,buy
2024-01-02 16:59:53+00:00,96.22,434.0,BUY
2024-01-02 17:03:02+00:00,52.35,597.0,SELL
2024-01-02 17:03:43+00:00,99.92,548.0,buy
2024-01-02 18:06:28+01:00,65.33,779.0,Sell
2024-01-02 17:07:02+00:00,87.63,1673.0,Buy
2024-01-02 17:07:13+00:00,24.53,1682.0,BUY
2024-01-02 17:11:49+00:00,22.55,1923.0,SELL
2024-01-02 17:11:52+00:00,37.77,440.0,Buy
2024-01-02 17:14:30+00:00,58.02,1172.0,Sell
2024-01-02 17:15:21+00:00,22.55,1894.0,buy
2024-01-02 17:16:33+00:00,67.44,1751.0,SELL
2024-01-02 17:18:24+00:00,39.78,950.0,buy
2024-01-02 17:20:16+00:00,99.21,766.0,sell
2024-01-02 17:25:57+00:00,37.87,1288.0,BUY
2024-01-02 17:26:20+00:00,91.03,860.0,SELL
2024-01-02 17:28:52+00:00,60.4,1089.0,Buy
2024-01-02 17:29:18+00:00,56.91,465.0,buy
2024-01-02 18:30:51+01:00,33.27,69.0,SELL
2024-01-02 18:34:25+01:00,,702.0,Buy
2024-01-02 17:37:20+00:00,49.14,57.0,BUY
2024-01-02 18:38:06+01:00,21.52,538.0,BUY
2024-01-02 17:38:50+00:00,76.76,759.0,Buy
2024-01-02 17:38:55+00:00,79.9,1877.0,BUY
2024-01-02 17:40:38+00:00,55.13,870.0,Sell
2024-01-02 17:41:16+00:00,41.48,1339.0,Buy
2024-01-02 17:42:10+00:00,83.93,1262.0,SELL
2024-01-02 17:43:11+00:00,75.31,1820.0,Sell
2024-01-02 18:43:53+01:00,46.32,500.0,Buy
2024-01-02 17:44:09+00:00,95.81,1344.0,Buy
2024-01-02 17:44:51+00:00,63.45,1072.0,BUY
2024-01-02 17:45:08+00:00,44.01,1129.0,Sell
2024-01-02 17:45:08+00:00,21.61,753.0,Sell
2024-01-02 18:46:20+01:00,82.89,1357.0,Sell
2024-01-02 17:48:14+00:00,44.0,1677.0,BUY
2024-01-02 17:48:47+00:00,53.38,1135.0,Buy
2024-01-02 17:49:33+00:00,31.7,,SELL
2024-01-02 17:49:38+00:00,46.18,130.0,buy
2024-01-02 17:49:41+00:00,,1329.0,BUY
2024-01-02 18:51:05+01:00,57.18,979.0,BUY
2024-01-02 18:52:13+01:00,2143.32,1854.0,SELL
2024-01-02 17:55:50+00:00,21.04,1074.0,sell
2024-01-02 17:56:46+00:00,41.43,1529.0,Buy
2024-01-02 17:59:40+00:00,55.01,1663.0,Buy
2024-01-02 17:59:58+00:00,78.98,1460.0,SELL
2024-01-02 19:01:23+01:00,98.27,633.0,SELL
2024-01-02 18:04:18+00:00,87.4,922.0,buy
2024-01-02 18:06:07+00:00,88.89,1383.0,BUY
2024-01-02 18:07:07+00:00,85.46,784.0,SELL
2024-01-02 18:07:08+00:00,92.92,1112.0,Sell
2024-01-02 18:09:39+00:00,97.88,99.0,Buy
2024-01-02 18:10:24+00:00,42.26,1746.0,BUY
2024-01-02 18:11:10+00:00,71.72,56.0,Sell
2024-01-02 18:11:12+00:00,96.97,436.0,Sell
2024-01-02 19:12:03+01:00,21.56,968.0,Sell
2024-01-02 19:12:32+01:00,40.36,1438.0,sell
2024-01-02 19:13:04+01:00,38.61,431.0,Buy
2024-01-02 18:17:21+00:00,55.45,1678.0,SELL
2024-01-02 18:17:40+00:00,78.0,797.0,SELL
2024-01-02 19:20:57+01:00,90.17,860.0,Buy
2024-01-02 18:22:49+00:00,24.41,1813.0,BUY
2024-01-02 18:24:38+00:00,49.23,180.0,BUY
2024-01-02 18:25:46+00:00,26.52,325.0,Sell
2024-01-02 18:26:11+00:00,25.67,1810.0,buy
2024-01-02 19:26:32+01:00,85.55,554.0,Buy
2024-01-02 18:27:33+00:00,42.94,846.0,Buy
2024-01-02 18:29:16+00:00,98.32,816.0,Buy
2024-01-02 18:31:49+00:00,23.77,1308.0,buy
2024-01-02 18:33:20+00:00,94.9,1026.0,Sell
2024-01-02 19:33:28+01:00,76.39,1493.0,Sell
2024-01-02 18:33:31+00:00,41.34,1882.0,sell
2024-01-02 19:36:07+01:00,85.78,1077.0,buy
2024-01-02 18:39:25+00:00,99.14,1780.0,sell
2024-01-02 18:42:26+00:00,63.22,419.0,BUY
2024-01-02 18:42:38+00:00,58.0,227.0,buy
2024-01-02 18:43:32+00:00,79.22,1992.0,buy
2024-01-02 18:43:46+00:00,42.04,835.0,Sell
2024-01-02 18:45:45+00:00,27.39,313.0,buy
2024-01-02 18:45:57+00:00,46.62,1925.0,Buy
2024-01-02 18:46:51+00:00,35.43,1942.0,Buy
2024-01-02 18:48:05+00:00,70.74,1923.0,Sell
2024-01-02 18:48:32+00:00,49.13,983.0,BUY
2024-01-02 19:48:39+01:00,61.6,1470.0,buy
2024-01-02 18:50:47+00:00,77.86,1657.0,BUY
2024-01-02 18:50:54+00:00,82.42,698.0,Buy
2024-01-02 19:51:06+01:00,87.77,881.0,SELL
2024-01-02 18:51:17+00:00,36.31,317.0,BUY
2024-01-02 19:52:45+01:00,69.71,1651.0,Sell
2024-01-02 18:52:51+00:00,68.85,557.0,Sell
2024-01-02 18:53:42+00:00,86.22,328.0,Sell
2024-01-02 19:55:08+01:00,21.46,1830.0,buy
2024-01-02 18:55:16+00:00,23.13,761.0,buy
2024-01-02 19:55:44+01:00,49.03,111.0,SELL
2024-01-02 18:56:05+00:00,63.82,,sell
2024-01-02 18:57:21+00:00,51.52,1706.0,sell
2024-01-02 18:59:11+00:00,83.25,1761.0,sell
2024-01-02 19:59:50+01:00,92.42,995.0,BUY
2024-01-02 18:59:55+00:00,,1686.0,sell
2024-01-02 20:00:15+01:00,97.66,803.0,Buy
2024-01-02 20:01:38+01:00,39.66,30522.0,sell
2024-01-02 19:02:39+00:00,52.89,1249.0,buy
2024-01-02 19:02:56+00:00,86.8,490.0,BUY
2024-01-02 19:03:44+00:00,95.46,360.0,BUY
2024-01-02 20:04:16+01:00,97.05,431.0,BUY
2024-01-02 20:05:16+01:00,56.58,562.0,Buy
2024-01-02 19:06:03+00:00,70.69,1671.0,SELL
2024-01-02 19:09:22+00:00,84.17,710.0,Buy
2024-01-02 20:09:53+01:00,89.34,349.0,buy
2024-01-02 19:11:34+00:00,67.68,1716.0,sell
2024-01-02 19:15:52+00:00,52.56,597.0,SELL
2024-01-02 20:18:25+01:00,35.48,728.0,Buy
2024-01-02 20:18:53+01:00,51.92,114.0,SELL
2024-01-02 19:19:38+00:00,24.85,866.0,Buy
2024-01-02 20:21:42+01:00,36.69,1663.0,SELL
2024-01-02 19:21:53+00:00,26.57,545.0,Sell
2024-01-02 19:22:20+00:00,74.72,908.0,buy
2024-01-02 19:23:50+00:00,87.92,750.0,BUY
2024-01-02 19:26:28+00:00,63.56,1427.0,SELL
2024-01-02 19:26:36+00:00,65.44,402.0,Buy
2024-01-02 20:26:50+01:00,53.67,224.0,Sell
2024-01-02 19:28:05+00:00,58.44,611.0,SELL
2024-01-02 20:28:16+01:00,97.74,1404.0,sell
2024-01-02 19:31:05+00:00,79.14,1613.0,Buy
2024-01-02 19:33:24+00:00,56.54,875.0,Sell
2024-01-02 19:37:52+00:00,28.63,86.0,Sell
2024-01-02 19:39:56+00:00,27.96,1143.0,SELL
2024-01-02 19:41:19+00:00,29.76,579.0,buy
2024-01-02 19:43:38+00:00,,1368.0,SELL
2024-01-02 19:44:15+00:00,24.31,1204.0,Sell
2024-01-02 19:44:30+00:00,59.77,242.0,Buy
2024-01-02 20:45:40+01:00,67.87,1136.0,SELL
2024-01-02 19:45:49+00:00,20.26,330.0,SELL
2024-01-02 19:47:45+00:00,49.6,541.0,SELL
2024-01-02 20:48:53+01:00,38.96,890.0,buy
2024-01-02 19:48:58+00:00,57.12,1637.0,BUY
2024-01-02 19:52:22+00:00,92.33,1641.0,Sell
2024-01-02 19:53:06+00:00,52.57,833.0,BUY
2024-01-02 20:53:59+01:00,86.24,170.0,BUY
2024-01-02 19:55:18+00:00,,1191.0,buy
2024-01-02 19:56:18+00:00,70.18,474.0,buy
2024-01-02 19:57:55+00:00,98.34,835.0,BUY
2024-01-02 20:58:48+01:00,87.22,162.0,SELL
2024-01-02 19:59:45+00:00,76.76,1428.0,Buy
2024-01-02 20:00:36+00:00,42.6,1237.0,Sell
2024-01-02 20:00:55+00:00,38.38,1214.0,BUY
2024-01-02 21:02:58+01:00,20.59,1793.0,sell
2024-01-02 20:04:28+00:00,85.81,575.0,sell
2024-01-02 20:05:52+00:00,91.83,515.0,sell
2024-01-02 21:07:29+01:00,77.36,120.0,buy
2024-01-02 20:08:38+00:00,22.38,711.0,sell
2024-01-02 21:13:08+01:00,57.47,511.0,BUY
2024-01-02 20:13:49+00:00,43.0,302.0,SELL
2024-01-02 20:14:16+00:00,44.14,,Sell
2024-01-02 20:14:24+00:00,60.58,1414.0,SELL
2024-01-02 20:16:21+00:00,45.97,1961.0,Buy
2024-01-02 20:19:45+00:00,42.47,1605.0,SELL
2024-01-02 20:22:28+00:00,90.66,682.0,Sell
2024-01-02 21:22:28+01:00,28.12,1146.0,BUY
2024-01-02 20:23:24+00:00,50.77,885.0,sell
2024-01-02 20:23:43+00:00,22.03,350.0,SELL
2024-01-02 20:24:06+00:00,64.54,504.0,Buy
2024-01-02 20:24:59+00:00,90.61,422.0,buy
2024-01-02 20:26:05+00:00,30.15,1344.0,SELL
2024-01-02 20:28:40+00:00,49.28,1044.0,Buy
2024-01-02 20:29:49+00:00,96.02,637.0,Buy
2024-01-02 21:32:30+01:00,66.82,1931.0,SELL
2024-01-02 20:34:36+00:00,87.34,121.0,Sell
2024-01-02 20:36:45+00:00,49.74,923.0,sell
2024-01-02 20:41:26+00:00,96.0,121.0,sell
2024-01-02 20:42:36+00:00,44.98,1775.0,buy
2024-01-02 20:43:04+00:00,92.34,388.0,BUY
2024-01-02 20:45:47+00:00,25.66,812.0,SELL
2024-01-02 20:46:45+00:00,57.64,1243.0,sell
2024-01-02 20:49:42+00:00,22.53,474.0,BUY
2024-01-02 20:49:43+00:00,28.02,375.0,SELL
2024-01-02 20:49:45+00:00,53.78,661.0,Buy
2024-01-02 20:51:26+00:00,40.64,1394.0,SELL
2024-01-02 20:51:51+00:00,32.14,1247.0,BUY
2024-01-02 21:55:21+01:00,62.81,,SELL
2024-01-02 20:56:09+00:00,88.47,1959.0,buy
2024-01-02 20:58:22+00:00,33.34,1297.0,sell
2024-01-02 22:03:48+01:00,37.5,1468.0,buy
2024-01-02 21:04:06+00:00,68.74,,Buy
2024-01-02 21:05:05+00:00,70.95,1055.0,sell
2024-01-02 21:06:42+00:00,98.18,1042.0,Buy
2024-01-02 21:09:40+00:00,71.21,528.0,sell
2024-01-02 21:10:23+00:00,53.37,1005.0,Sell
2024-01-02 21:15:26+00:00,36.85,1285.0,buy
2024-01-02 21:16:40+00:00,66.8,1923.0,sell
2024-01-02 21:16:55+00:00,21.73,1670.0,buy
2024-01-02 21:18:37+00:00,77.71,227.0,BUY
2024-01-02 22:19:42+01:00,59.92,1449.0,SELL
2024-01-02 21:20:35+00:00,37.84,1274.0,buy
2024-01-02 21:22:28+00:00,37.02,1445.0,sell
2024-01-02 21:24:04+00:00,31.89,1528.0,buy
2024-01-02 21:24:45+00:00,85.35,295.0,SELL
2024-01-02 22:25:33+01:00,96.27,234.0,BUY
2024-01-02 21:26:05+00:00,88.14,1647.0,buy
2024-01-02 21:26:10+00:00,38.96,1375.0,SELL
2024-01-02 21:26:58+00:00,97.68,800.0,BUY
2024-01-02 21:27:10+00:00,79.3,808.0,BUY
2024-01-02 21:27:18+00:00,2081.43,1647.0,Sell
2024-01-02 21:29:11+00:00,83.13,1443.0,sell
2024-01-02 21:32:41+00:00,37.48,1980.0,Sell
2024-01-02 21:32:50+00:00,27.9,86.0,sell
2024-01-02 21:35:03+00:00,72.76,1870.0,buy
2024-01-02 21:35:23+00:00,83.3,1607.0,SELL
2024-01-02 21:35:30+00:00,71.19,1543.0,buy
2024-01-02 21:39:01+00:00,65.92,1131.0,buy
2024-01-02 21:39:22+00:00,66.36,1704.0,sell
2024-01-02 21:39:51+00:00,75.53,1007.0,SELL
2024-01-02 21:40:22+00:00,23.25,396.0,BUY
2024-01-02 21:40:31+00:00,79.1,1306.0,sell
2024-01-02 22:41:15+01:00,95.99,464.0,Sell
2024-01-02 21:44:34+00:00,69.09,276.0,SELL
2024-01-02 21:44:35+00:00,55.21,1633.0,sell
2024-01-02 21:44:57+00:00,68.63,1680.0,buy
2024-01-02 22:46:06+01:00,25.66,1321.0,BUY
2024-01-02 22:46:20+01:00,80.98,1694.0,Buy
2024-01-02 22:47:47+01:00,93.24,1852.0,Sell
2024-01-02 21:50:14+00:00,24.81,1374.0,Buy
2024-01-02 22:51:13+01:00,81.57,984.0,sell
2024-01-02 21:51:32+00:00,66.26,873.0,Buy
2024-01-02 21:53:46+00:00,1874.27,637.0,BUY
2024-01-02 21:54:01+00:00,22.51,1514.0,buy
2024-01-02 21:56:57+00:00,87.57,1347.0,buy
2024-01-02 21:58:24+00:00,74.29,305.0,sell
2024-01-02 22:59:27+01:00,71.84,762.0,Buy
2024-01-02 21:59:30+00:00,84.53,1136.0,SELL
2024-01-02 22:59:55+01:00,44.49,826.0,buy
2024-01-02 22:00:05+00:00,49.08,1115.0,buy
2024-01-02 22:01:13+00:00,50.71,1761.0,Buy
2024-01-02 22:05:26+00:00,76.61,1144.0,sell
2024-01-02 22:05:48+00:00,21.6,1394.0,Buy
2024-01-02 22:05:57+00:00,23.04,1508.0,Buy
2024-01-02 22:05:59+00:00,68.37,868.0,Buy
2024-01-02 22:06:03+00:00,26.93,1666.0,buy
2024-01-02 23:06:15+01:00,66.44,348.0,Buy
2024-01-02 23:10:09+01:00,,652.0,BUY
2024-01-02 22:11:15+00:00,98.29,1888.0,SELL
2024-01-02 22:14:17+00:00,78.0,456.0,Sell
2024-01-02 22:18:07+00:00,92.45,1855.0,BUY
2024-01-02 23:22:42+01:00,21.13,467.0,sell
2024-01-02 23:26:20+01:00,63.72,149.0,SELL
2024-01-02 22:26:29+00:00,39.21,1475.0,BUY
2024-01-02 22:27:58+00:00,33.62,1823.0,BUY
2024-01-02 22:28:28+00:00,58.2,51.0,buy
2024-01-02 22:30:09+00:00,83.49,1241.0,sell
2024-01-02 22:30:25+00:00,43.63,1862.0,BUY
2024-01-02 23:32:28+01:00,20.89,902.0,Sell
2024-01-02 23:33:39+01:00,85.91,1419.0,Sell
2024-01-02 23:36:18+01:00,59.34,218.0,Sell
2024-01-02 23:39:12+01:00,66.97,394.0,BUY
2024-01-02 22:41:27+00:00,76.37,887.0,SELL
2024-01-02 22:41:52+00:00,98.19,1141.0,BUY
2024-01-02 22:42:18+00:00,25.36,,BUY
2024-01-02 22:42:54+00:00,94.55,362.0,Sell
2024-01-02 22:44:55+00:00,43.04,875.0,SELL
2024-01-02 22:45:44+00:00,35.38,588.0,Buy
2024-01-02 22:46:07+00:00,86.47,1702.0,SELL
2024-01-02 22:46:38+00:00,58.54,1926.0,sell
2024-01-02 23:47:09+01:00,87.69,1776.0,BUY
2024-01-02 22:47:11+00:00,39.68,230.0,sell
2024-01-02 22:47:19+00:00,48.24,201.0,sell
2024-01-02 22:48:25+00:00,64.69,363.0,buy
2024-01-02 22:48:51+00:00,72.48,1112.0,SELL
2024-01-02 22:48:54+00:00,63.5,,SELL
2024-01-02 22:49:16+00:00,71.43,197.0,BUY
2024-01-02 23:50:29+01:00,50.16,179.0,Buy
2024-01-02 22:50:54+00:00,42.85,1446.0,sell
2024-01-02 22:52:01+00:00,55.23,734.0,Buy
2024-01-02 22:54:45+00:00,77.1,740.0,sell
2024-01-02 22:57:26+00:00,68.89,891.0,BUY
2024-01-02 22:58:44+00:00,60.76,1291.0,Sell
2024-01-02 22:59:31+00:00,97.46,1067.0,buy
2024-01-02 23:01:08+00:00,66.41,1916.0,SELL
2024-01-03 00:01:30+01:00,44.63,830.0,SELL
2024-01-02 23:04:21+00:00,75.01,578.0,sell
2024-01-02 23:05:27+00:00,59.01,1572.0,BUY
2024-01-02 23:06:47+00:00,24.93,148.0,SELL
2024-01-02 23:08:15+00:00,50.95,1804.0,Buy
2024-01-02 23:10:29+00:00,57.31,1006.0,BUY
2024-01-02 23:13:18+00:00,84.08,981.0,buy
2024-01-03 00:13:26+01:00,72.83,366.0,sell
2024-01-02 23:13:35+00:00,70.79,1128.0,Sell
2024-01-02 23:16:05+00:00,80.45,182.0,Buy
2024-01-03 00:17:17+01:00,74.9,1189.0,Sell
2024-01-02 23:18:42+00:00,97.63,1872.0,buy
2024-01-03 00:23:33+01:00,64.27,1243.0,Sell
2024-01-02 23:23:49+00:00,58.67,1251.0,sell
2024-01-02 23:24:20+00:00,28.74,,buy
2024-01-02 23:24:46+00:00,59.25,975.0,sell
2024-01-02 23:26:31+00:00,90.9,1296.0,buy
2024-01-02 23:28:20+00:00,89.66,1643.0,BUY
2024-01-03 00:32:26+01:00,98.0,452.0,buy
2024-01-02 23:32:32+00:00,45.46,1198.0,Buy
2024-01-02 23:33:31+00:00,60.11,916.0,Buy
2024-01-02 23:34:06+00:00,62.35,1153.0,Buy
2024-01-02 23:34:09+00:00,51.3,915.0,sell
2024-01-02 23:37:41+00:00,91.28,766.0,buy
2024-01-03 00:37:44+01:00,95.02,1733.0,Sell
2024-01-02 23:38:35+00:00,32.63,1629.0,sell
2024-01-03 00:38:40+01:00,37.35,1567.0,Sell
2024-01-02 23:40:38+00:00,76.75,1850.0,Sell
2024-01-02 23:42:57+00:00,29.9,1804.0,Buy
2024-01-03 00:43:29+01:00,90.93,643.0,Buy
2024-01-02 23:44:01+00:00,99.19,1073.0,sell
2024-01-02 23:46:39+00:00,99.31,1562.0,Sell
2024-01-02 23:49:02+00:00,48.06,1515.0,buy
2024-01-02 23:53:19+00:00,46.39,1394.0,BUY
2024-01-02 23:54:49+00:00,80.97,1245.0,BUY
2024-01-02 23:55:25+00:00,69.91,1032.0,Sell
2024-01-02 23:56:19+00:00,69.19,719.0,sell
2024-01-02 23:56:57+00:00,74.09,436.0,Buy
2024-01-02 23:58:44+00:00,45.32,936.0,SELL
2024-01-02 23:59:02+00:00,77.31,307.0,sell
2024-01-03 00:59:04+01:00,64.3,1761.0,SELL
2024-01-02 23:59:29+00:00,59.76,1599.0,sell
2024-01-03 00:01:15+00:00,73.4,1226.0,SELL
2024-01-03 00:02:00+00:00,79.1,967.0,buy
2024-01-03 00:02:28+00:00,59.07,592.0,sell
2024-01-03 00:06:30+00:00,71.31,666.0,buy
2024-01-03 00:09:38+00:00,54.5,1958.0,SELL
2024-01-03 00:09:47+00:00,22.05,1828.0,Buy
2024-01-03 00:10:53+00:00,,697.0,sell
2024-01-03 00:14:58+00:00,69.43,1554.0,SELL
2024-01-03 01:15:05+01:00,48.47,1939.0,buy
2024-01-03 01:17:55+01:00,71.24,801.0,buy
2024-01-03 00:18:30+00:00,69.41,1236.0,buy
2024-01-03 00:20:03+00:00,36.0,978.0,buy
2024-01-03 00:22:49+00:00,33.62,947.0,Buy
2024-01-03 00:23:51+00:00,46.57,1259.0,BUY
2024-01-03 00:24:09+00:00,22.52,69.0,Buy
2024-01-03 00:27:39+00:00,76.52,1979.0,BUY
2024-01-03 00:27:48+00:00,91.54,1409.0,buy
2024-01-03 00:30:13+00:00,61.47,1869.0,SELL
2024-01-03 00:32:09+00:00,33.29,1732.0,sell
2024-01-03 01:37:58+01:00,78.66,92.0,BUY
2024-01-03 00:38:41+00:00,73.56,1935.0,Buy
2024-01-03 00:39:32+00:00,74.44,1950.0,Sell
2024-01-03 00:39:42+00:00,80.72,546.0,Sell
2024-01-03 00:40:24+00:00,56.06,1921.0,SELL
2024-01-03 01:42:50+01:00,90.46,1023.0,SELL
2024-01-03 00:43:28+00:00,99.7,1633.0,sell
2024-01-03 00:45:54+00:00,73.79,1424.0,Buy
2024-01-03 00:52:02+00:00,57.43,1234.0,Buy
2024-01-03 01:53:40+01:00,85.59,572.0,sell
2024-01-03 00:55:31+00:00,39.9,1499.0,Buy
2024-01-03 00:55:33+00:00,64.26,199.0,buy
2024-01-03 00:58:27+00:00,61.38,1051.0,Buy
2024-01-03 00:58:33+00:00,24.0,1085.0,SELL
2024-01-03 01:02:12+00:00,88.56,1209.0,sell
2024-01-03 02:02:40+01:00,57.67,1301.0,sell
2024-01-03 01:02:49+00:00,79.94,646.0,sell
2024-01-03 01:03:39+00:00,42.63,365.0,Sell
2024-01-03 01:04:12+00:00,31.65,200.0,BUY
2024-01-03 01:04:24+00:00,48.19,172.0,SELL
2024-01-03 02:07:30+01:00,33.25,190.0,Sell
2024-01-03 02:07:39+01:00,67.72,775.0,BUY
2024-01-03 01:08:25+00:00,,93.0,sell
2024-01-03 01:10:23+00:00,22.45,342.0,BUY
2024-01-03 01:10:57+00:00,94.96,1394.0,Sell
2024-01-03 02:11:04+01:00,52.66,1095.0,BUY
2024-01-03 01:15:05+00:00,86.0,153.0,SELL
2024-01-03 02:16:26+01:00,61.5,1599.0,BUY
2024-01-03 01:17:34+00:00,95.38,1281.0,sell
2024-01-03 01:19:47+00:00,71.0,1348.0,sell
2024-01-03 01:20:48+00:00,92.61,1571.0,SELL
2024-01-03 01:20:48+00:00,59.4,754.0,Sell
2024-01-03 01:25:23+00:00,42.2,433.0,buy
2024-01-03 01:28:37+00:00,53.27,321.0,sell
2024-01-03 01:28:39+00:00,28.97,518.0,buy
2024-01-03 02:28:46+01:00,79.72,1235.0,Buy
2024-01-03 01:31:18+00:00,76.63,1477.0,SELL
2024-01-03 01:31:46+00:00,20.76,1160.0,SELL
2024-01-03 01:33:29+00:00,23.52,,sell
2024-01-03 01:33:46+00:00,32.42,1082.0,Sell
2024-01-03 02:33:48+01:00,81.45,905.0,BUY
2024-01-03 02:34:42+01:00,76.69,1047.0,sell
2024-01-03 02:37:35+01:00,98.66,1252.0,SELL
2024-01-03 01:37:57+00:00,57.46,639.0,Sell
2024-01-03 01:38:32+00:00,80.8,840.0,SELL
2024-01-03 01:38:46+00:00,20.81,996.0,Sell
2024-01-03 02:39:01+01:00,96.74,1395.0,Sell
2024-01-03 02:39:01+01:00,69.41,153.0,SELL
2024-01-03 02:39:17+01:00,81.11,537.0,Sell
2024-01-03 01:40:26+00:00,81.03,1252.0,buy
2024-01-03 01:42:17+00:00,93.25,1700.0,Sell
2024-01-03 01:43:54+00:00,29.03,1000.0,SELL
2024-01-03 01:44:00+00:00,80.06,483.0,SELL
2024-01-03 01:46:22+00:00,62.84,1270.0,sell
2024-01-03 02:47:28+01:00,60.19,1623.0,buy
2024-01-03 01:47:46+00:00,83.38,1366.0,Buy
2024-01-03 01:51:18+00:00,83.67,1811.0,BUY
2024-01-03 01:52:17+00:00,81.52,1639.0,Buy
2024-01-03 01:53:41+00:00,2979.35,1513.0,BUY
2024-01-03 01:54:09+00:00,86.67,1764.0,sell
2024-01-03 01:54:26+00:00,39.61,581.0,BUY
2024-01-03 01:54:46+00:00,3570.14,1731.0,buy
2024-01-03 01:56:18+00:00,87.49,1080.0,sell
2024-01-03 01:57:23+00:00,76.91,772.0,Sell
2024-01-03 01:58:01+00:00,30.83,414.0,BUY
2024-01-03 01:59:24+00:00,79.16,908.0,BUY
2024-01-03 02:00:34+00:00,47.76,30056.0,sell
2024-01-03 02:01:18+00:00,92.41,1847.0,Buy
2024-01-03 02:03:27+00:00,85.59,91.0,sell
2024-01-03 02:04:05+00:00,62.25,1558.0,buy
2024-01-03 03:04:14+01:00,90.68,838.0,buy
2024-01-03 02:07:22+00:00,81.28,1118.0,SELL
2024-01-03 02:07:23+00:00,54.2,1273.0,SELL
2024-01-03 02:08:55+00:00,38.18,1197.0,sell
2024-01-03 03:09:32+01:00,79.44,444.0,buy
2024-01-03 02:14:33+00:00,83.38,250.0,Buy
2024-01-03 03:15:37+01:00,63.63,746.0,BUY
2024-01-03 03:16:59+01:00,39.68,891.0,buy
2024-01-03 02:17:45+00:00,61.48,957.0,Buy
2024-01-03 03:18:38+01:00,75.16,346.0,SELL
2024-01-03 02:19:49+00:00,43.89,1595.0,buy
2024-01-03 02:22:05+00:00,22.92,,Sell
2024-01-03 02:22:21+00:00,72.98,802.0,BUY
2024-01-03 02:22:24+00:00,64.84,975.0,Sell
2024-01-03 03:22:45+01:00,37.27,1956.0,SELL
2024-01-03 02:23:11+00:00,82.11,1799.0,BUY
2024-01-03 02:23:39+00:00,71.39,98.0,sell
2024-01-03 02:24:18+00:00,56.14,1006.0,buy
2024-01-03 02:28:03+00:00,92.57,,Sell
2024-01-03 02:28:14+00:00,44.32,150.0,buy
2024-01-03 02:28:35+00:00,23.88,1630.0,buy
2024-01-03 02:29:17+00:00,36.17,1695.0,SELL
2024-01-03 02:30:07+00:00,28.37,1292.0,Sell
2024-01-03 02:32:20+00:00,21.67,1903.0,buy
2024-01-03 03:32:34+01:00,20.14,716.0,Buy
2024-01-03 03:34:52+01:00,73.54,461.0,SELL
2024-01-03 03:35:04+01:00,21.1,1375.0,Buy
2024-01-03 02:39:11+00:00,28.64,239.0,buy
2024-01-03 02:40:10+00:00,73.33,134.0,Sell
2024-01-03 02:40:25+00:00,31.83,1343.0,buy
2024-01-03 03:44:01+01:00,55.01,1868.0,buy
2024-01-03 02:44:07+00:00,2079.16,510.0,SELL
2024-01-03 02:45:01+00:00,22.24,827.0,sell
2024-01-03 02:45:58+00:00,74.7,766.0,buy
2024-01-03 02:46:40+00:00,85.9,1658.0,buy
2024-01-03 03:47:06+01:00,91.62,261.0,sell
2024-01-03 02:49:07+00:00,98.52,802.0,buy
2024-01-03 02:49:17+00:00,23.13,1949.0,BUY
2024-01-03 02:49:29+00:00,47.48,493.0,Buy
2024-01-03 03:51:18+01:00,39.01,775.0,buy
2024-01-03 03:52:12+01:00,44.56,381.0,Buy
2024-01-03 03:54:53+01:00,39.47,1620.0,BUY
2024-01-03 02:55:47+00:00,30.64,1471.0,SELL
2024-01-03 02:56:06+00:00,70.98,1907.0,buy
2024-01-03 03:00:11+00:00,57.32,1550.0,Buy
2024-01-03 03:01:37+00:00,79.17,1861.0,Buy
2024-01-03 03:02:11+00:00,55.18,1517.0,SELL
2024-01-03 03:02:39+00:00,59.0,239.0,Buy
2024-01-03 04:03:14+01:00,91.39,114.0,Sell
2024-01-03 03:03:49+00:00,72.97,1527.0,Buy
2024-01-03 03:05:01+00:00,52.7,1697.0,SELL
2024-01-03 03:07:37+00:00,69.86,1993.0,Sell
2024-01-03 03:08:27+00:00,75.48,229.0,Buy
2024-01-03 03:10:26+00:00,68.1,1435.0,BUY
2024-01-03 04:11:20+01:00,64.72,1647.0,Buy
2024-01-03 04:12:05+01:00,67.52,993.0,Sell
2024-01-03 03:12:21+00:00,62.98,1697.0,Buy
2024-01-03 03:12:58+00:00,40.52,153.0,sell
2024-01-03 04:13:04+01:00,,1045.0,Buy
2024-01-03 04:13:47+01:00,30.32,1202.0,Sell
2024-01-03 03:13:53+00:00,95.11,113.0,BUY
2024-01-03 03:14:30+00:00,93.42,1339.0,SELL
2024-01-03 03:15:20+00:00,77.23,1142.0,Buy
2024-01-03 03:17:03+00:00,24.95,1891.0,sell
2024-01-03 04:19:17+01:00,37.73,1535.0,SELL
2024-01-03 03:20:03+00:00,33.6,221.0,buy
2024-01-03 03:20:54+00:00,51.0,221.0,BUY
2024-01-03 03:21:16+00:00,58.41,1226.0,Sell
2024-01-03 04:22:51+01:00,41.98,1122.0,Buy
2024-01-03 04:23:22+01:00,21.93,1333.0,sell
2024-01-03 03:25:02+00:00,91.58,619.0,Sell
2024-01-03 03:25:59+00:00,57.57,491.0,sell
2024-01-03 03:27:28+00:00,32.06,1450.0,Buy
2024-01-03 04:28:04+01:00,20.16,213.0,BUY
2024-01-03 03:28:34+00:00,28.34,541.0,Buy
2024-01-03 03:29:46+00:00,62.13,767.0,Sell
2024-01-03 03:31:11+00:00,55.81,1732.0,Buy
2024-01-03 03:32:07+00:00,57.68,1403.0,buy
2024-01-03 03:34:05+00:00,46.8,1306.0,Sell
2024-01-03 03:34:19+00:00,44.23,1074.0,SELL
2024-01-03 03:34:35+00:00,80.9,1550.0,Buy
2024-01-03 03:37:29+00:00,45.78,389.0,Buy
2024-01-03 04:37:48+01:00,40.35,1521.0,Buy
2024-01-03 04:38:28+01:00,93.91,1600.0,sell
2024-01-03 03:38:58+00:00,28.54,1113.0,Buy
2024-01-03 03:39:23+00:00,57.76,1836.0,BUY
2024-01-03 03:41:40+00:00,48.12,1605.0,sell
2024-01-03 03:42:13+00:00,82.46,304.0,buy
2024-01-03 03:43:05+00:00,96.81,1714.0,sell
2024-01-03 03:48:17+00:00,93.55,397.0,BUY
2024-01-03 03:49:45+00:00,79.74,1557.0,BUY
2024-01-03 03:50:08+00:00,22.01,1283.0,sell
2024-01-03 03:51:09+00:00,55.14,855.0,buy
2024-01-03 03:51:29+00:00,,1045.0,buy
2024-01-03 03:51:54+00:00,57.84,1473.0,Sell
2024-01-03 03:52:21+00:00,37.08,1791.0,SELL
2024-01-03 03:52:24+00:00,34.63,694.0,Buy
2024-01-03 03:52:43+00:00,68.15,81.0,buy
2024-01-03 03:52:46+00:00,50.21,965.0,buy
2024-01-03 03:53:13+00:00,33.57,222.0,sell
2024-01-03 03:55:40+00:00,69.49,1779.0,Buy
2024-01-03 03:57:01+00:00,60.87,1907.0,SELL
2024-01-03 05:00:07+01:00,79.11,552.0,buy
2024-01-03 04:02:32+00:00,63.13,21571.0,buy
2024-01-03 04:03:42+00:00,64.92,1688.0,SELL
2024-01-03 04:04:54+00:00,53.15,1683.0,sell
2024-01-03 04:08:37+00:00,49.45,1550.0,sell
2024-01-03 05:08:58+01:00,77.83,,Buy
2024-01-03 05:09:03+01:00,63.21,841.0,Buy
2024-01-03 05:10:01+01:00,74.36,1297.0,BUY
2024-01-03 04:12:13+00:00,33.59,,SELL
2024-01-03 04:16:07+00:00,87.22,1811.0,sell
2024-01-03 04:16:49+00:00,93.54,535.0,SELL
2024-01-03 04:17:31+00:00,67.47,1807.0,Sell
2024-01-03 05:18:05+01:00,66.1,992.0,Sell
2024-01-03 04:19:07+00:00,77.0,1690.0,sell
2024-01-03 04:19:41+00:00,62.69,1259.0,sell
2024-01-03 04:23:12+00:00,54.39,941.0,BUY
2024-01-03 04:23:27+00:00,35.56,1619.0,buy
2024-01-03 05:24:42+01:00,63.28,1640.0,sell
2024-01-03 04:25:20+00:00,38.48,209.0,Buy
2024-01-03 04:26:54+00:00,65.94,648.0,buy
2024-01-03 04:29:58+00:00,27.13,512.0,BUY
2024-01-03 04:31:58+00:00,31.43,1827.0,Sell
2024-01-03 05:35:03+01:00,53.22,279.0,Sell
2024-01-03 04:36:39+00:00,23.97,1889.0,BUY
2024-01-03 04:40:40+00:00,38.66,1227.0,SELL
2024-01-03 05:42:45+01:00,83.73,432.0,Buy
2024-01-03 04:43:35+00:00,91.27,838.0,sell
2024-01-03 04:45:12+00:00,63.71,391.0,buy
2024-01-03 04:50:03+00:00,68.98,1779.0,Sell
2024-01-03 04:50:09+00:00,27.68,994.0,Sell
2024-01-03 04:51:58+00:00,38.65,856.0,buy
2024-01-03 04:52:04+00:00,82.21,279.0,buy
2024-01-03 04:52:10+00:00,91.36,49970.0,buy
2024-01-03 04:52:33+00:00,49.8,46292.0,Buy
2024-01-03 04:55:25+00:00,88.95,1426.0,BUY
2024-01-03 04:56:57+00:00,84.93,1048.0,sell
2024-01-03 04:58:33+00:00,22.04,1788.0,Sell
2024-01-03 04:58:57+00:00,,883.0,Sell
2024-01-03 04:59:12+00:00,39.94,1269.0,Buy
2024-01-03 04:59:29+00:00,41.61,67.0,Sell
2024-01-03 05:03:15+00:00,54.69,1791.0,Sell
2024-01-03 05:03:16+00:00,26.24,1340.0,Sell
2024-01-03 05:05:29+00:00,42.73,1654.0,buy
2024-01-03 05:05:52+00:00,20.4,1927.0,SELL
2024-01-03 05:06:23+00:00,63.27,652.0,sell
2024-01-03 05:10:04+00:00,41.11,1564.0,Buy
2024-01-03 05:11:21+00:00,28.48,725.0,buy
2024-01-03 06:12:05+01:00,76.9,1341.0,buy
2024-01-03 05:12:31+00:00,74.58,860.0,SELL
2024-01-03 05:17:33+00:00,98.63,449.0,Sell
2024-01-03 05:17:57+00:00,83.3,465.0,Buy
2024-01-03 05:18:26+00:00,58.88,937.0,BUY
2024-01-03 05:19:23+00:00,31.94,1140.0,Buy
2024-01-03 05:24:47+00:00,31.43,1042.0,Buy
2024-01-03 05:25:31+00:00,53.46,940.0,SELL
2024-01-03 05:25:33+00:00,31.51,178.0,SELL
2024-01-03 05:25:57+00:00,69.96,1791.0,BUY
2024-01-03 05:26:22+00:00,75.82,796.0,Buy
2024-01-03 05:26:41+00:00,97.03,1953.0,Sell
2024-01-03 06:28:23+01:00,54.93,1325.0,SELL
2024-01-03 05:29:44+00:00,68.57,453.0,buy
2024-01-03 05:34:48+00:00,56.11,879.0,BUY
2024-01-03 05:35:33+00:00,98.22,783.0,Sell
2024-01-03 05:38:15+00:00,35.83,1330.0,Buy
2024-01-03 06:38:48+01:00,79.27,1643.0,sell
2024-01-03 05:38:55+00:00,94.28,1119.0,SELL
2024-01-03 05:39:07+00:00,84.66,1795.0,Buy
2024-01-03 05:39:45+00:00,75.18,121.0,SELL
2024-01-03 05:45:03+00:00,47.34,1329.0,SELL
2024-01-03 06:45:53+01:00,84.22,1881.0,Buy
2024-01-03 05:46:44+00:00,21.36,406.0,BUY
2024-01-03 05:47:33+00:00,33.92,1712.0,Sell
2024-01-03 06:48:57+01:00,33.08,433.0,SELL
2024-01-03 05:52:18+00:00,71.0,1595.0,SELL
2024-01-03 05:55:44+00:00,93.8,1631.0,buy
2024-01-03 06:56:10+01:00,61.85,1130.0,BUY
2024-01-03 05:58:09+00:00,42.56,753.0,buy
2024-01-03 05:58:37+00:00,37.69,,Buy
2024-01-03 05:58:44+00:00,,313.0,sell
2024-01-03 05:58:58+00:00,79.35,420.0,BUY
2024-01-03 07:00:09+01:00,77.0,441.0,Sell
2024-01-03 06:00:31+00:00,36.34,1988.0,sell
2024-01-03 06:00:52+00:00,35.04,1082.0,Buy
2024-01-03 07:02:30+01:00,29.03,935.0,sell
2024-01-03 06:04:56+00:00,79.03,1993.0,SELL
2024-01-03 07:05:21+01:00,70.82,1196.0,Sell
2024-01-03 06:05:59+00:00,73.34,340.0,Buy
2024-01-03 06:08:16+00:00,45.0,378.0,SELL
2024-01-03 06:09:24+00:00,75.23,933.0,Sell
2024-01-03 06:16:07+00:00,71.79,887.0,sell
2024-01-03 06:16:09+00:00,47.13,32218.0,BUY
2024-01-03 07:17:39+01:00,59.27,903.0,sell
2024-01-03 06:17:59+00:00,81.54,868.0,BUY
2024-01-03 06:23:49+00:00,84.72,1632.0,Sell
2024-01-03 06:24:33+00:00,82.11,1760.0,Sell
2024-01-03 06:30:20+00:00,29.0,1900.0,Buy
2024-01-03 06:30:29+00:00,56.83,867.0,Buy
2024-01-03 06:30:31+00:00,63.91,57.0,buy
2024-01-03 06:36:03+00:00,46.58,1114.0,Buy
2024-01-03 06:36:12+00:00,24.0,433.0,BUY
2024-01-03 06:37:43+00:00,98.81,737.0,SELL
2024-01-03 06:38:47+00:00,62.88,1668.0,SELL
2024-01-03 07:40:13+01:00,58.65,1362.0,Sell
2024-01-03 06:45:27+00:00,92.74,649.0,sell
2024-01-03 06:45:32+00:00,48.07,1945.0,Buy
2024-01-03 06:46:21+00:00,64.41,23650.0,buy
2024-01-03 06:50:01+00:00,92.31,261.0,sell
2024-01-03 06:50:54+00:00,46.22,948.0,Buy
2024-01-03 06:53:38+00:00,48.24,99.0,Buy
2024-01-03 06:55:49+00:00,22.74,746.0,BUY
2024-01-03 06:56:57+00:00,25.18,561.0,sell
2024-01-03 06:57:11+00:00,78.13,695.0,Sell
2024-01-03 06:57:40+00:00,44.38,1470.0,buy
2024-01-03 06:57:47+00:00,49.39,1916.0,sell
2024-01-03 06:59:07+00:00,68.61,1606.0,buy
2024-01-03 06:59:58+00:00,32.57,1518.0,Sell
2024-01-03 07:02:48+00:00,77.26,557.0,buy
2024-01-03 08:02:54+01:00,28.84,570.0,sell
2024-01-03 07:04:04+00:00,85.71,1072.0,SELL
2024-01-03 07:05:15+00:00,37.57,1786.0,Sell
2024-01-03 07:07:42+00:00,84.12,1888.0,Buy
2024-01-03 07:10:36+00:00,98.29,684.0,sell
2024-01-03 07:10:42+00:00,86.47,568.0,buy
2024-01-03 07:11:02+00:00,69.84,1008.0,Sell
2024-01-03 07:15:27+00:00,92.01,,buy
2024-01-03 07:18:53+00:00,38.19,1284.0,Sell
2024-01-03 07:21:05+00:00,42.09,224.0,buy
2024-01-03 07:23:42+00:00,88.0,69.0,sell
2024-01-03 07:24:51+00:00,95.58,1041.0,sell
2024-01-03 07:26:13+00:00,1690.85,745.0,buy
2024-01-03 08:26:54+01:00,79.3,1062.0,BUY
2024-01-03 07:27:18+00:00,60.36,1068.0,BUY
2024-01-03 07:27:36+00:00,55.63,225.0,Buy
2024-01-03 07:28:33+00:00,92.2,1497.0,buy
2024-01-03 07:28:57+00:00,38.96,1736.0,Buy
2024-01-03 08:33:27+01:00,38.58,428.0,Buy
2024-01-03 08:35:30+01:00,77.83,1816.0,buy
2024-01-03 08:36:11+01:00,91.75,1388.0,Sell
2024-01-03 07:37:27+00:00,74.05,1797.0,SELL
2024-01-03 07:37:37+00:00,76.42,457.0,buy
